[
    [
        {
            "name": "M&M's Chocolate Candies Peanut Milk Chocolate- 10.05 oz",
            "image_url": "//pics.walgreens.com/prodimg/654703/450.jpg",
            "size": "10.05 oz",
            "rating": "",
            "review_count": "(5310)",
            "price_info": "Previous price was$6.49Current sale price is2/$10.00 or 1/$5.99"
        },
        {
            "name": "M&M's Milk Chocolate Candy Peanut, Share Size (Packaging May Vary)- 3.27 oz",
            "image_url": "//pics.walgreens.com/prodimg/417660/450.jpg",
            "size": "3.27 oz",
            "rating": "",
            "review_count": "(4839)",
            "price_info": "2/$5.79 or 1/$2.99"
        },
        {
            "name": "G-U-M Soft-Picks Advanced, Dental Floss Picks- 60 ea",
            "image_url": "//pics.walgreens.com/prodimg/574232/450.jpg",
            "size": "60 ea",
            "rating": "",
            "review_count": "(139)",
            "price_info": "$7.79$0.13  / ea"
        },
        {
            "name": "M&M's Milk Chocolate Candy Pouch Peanut- 1.74 oz",
            "image_url": "//pics.walgreens.com/prodimg/417664/450.jpg",
            "size": "1.74 oz",
            "rating": "",
            "review_count": "(5040)",
            "price_info": "Previous price was2/$3.79 or 1/$1.99Current sale price is2/$2.50 or 1/$1.99"
        },
        {
            "name": "G-U-M Proxabrush Go-Betweens",
            "image_url": "//pics.walgreens.com/prodimg/613197/450.jpg",
            "size": "10 ea",
            "rating": "",
            "review_count": "(159)",
            "price_info": "$5.29$0.53  / ea"
        },
        {
            "name": "G-U-M Soft-Picks Original, Dental Floss Picks- 100 ea",
            "image_url": "//pics.walgreens.com/prodimg/613196/450.jpg",
            "size": "100 ea",
            "rating": "",
            "review_count": "(231)",
            "price_info": "$7.79$0.08  / ea"
        },
        {
            "name": "M&M's Milk Chocolate Candy- 1.69 oz",
            "image_url": "//pics.walgreens.com/prodimg/578558/450.jpg",
            "size": "1.69 oz",
            "rating": "",
            "review_count": "(5146)",
            "price_info": "Previous price was2/$3.79 or 1/$1.99Current sale price is2/$2.50 or 1/$1.99"
        },
        {
            "name": "M&M's Candy Movie Theater Milk Chocolate- 3.1 oz",
            "image_url": "//pics.walgreens.com/prodimg/579010/450.jpg",
            "size": "3.1 oz",
            "rating": "",
            "review_count": "(4968)",
            "price_info": "Previous price was$1.99Current sale price is3/$5.00 or 1/$1.99"
        },
        {
            "name": "M&M's Peanut Chocolate Candy Theater Box Peanut- 3.1 oz",
            "image_url": "/images/adaptive/bvrating/v5/rating-4_5.png",
            "size": "3.1 oz",
            "rating": "4.5 out of 5 total 5666 reviews",
            "review_count": "(5666)",
            "price_info": "Previous price was$1.99Current sale price is3/$5.00 or 1/$1.99"
        },
        {
            "name": "G-U-M Soft-Picks Advanced Dental Picks- 90 ea",
            "image_url": "/images/adaptive/bvrating/v5/rating-4_0.png",
            "size": "90 ea",
            "rating": "4.0 out of 5 total 107 reviews",
            "review_count": "(107)",
            "price_info": "$9.99$0.11  / ea"
        },
        {
            "name": "G-U-M Proxabrush Go-Betweens",
            "image_url": "/images/adaptive/bvrating/v5/rating-4_5.png",
            "size": "10 ea",
            "rating": "4.5 out of 5 total 147 reviews",
            "review_count": "(147)",
            "price_info": "$5.29$0.53  / ea"
        },
        {
            "name": "M&M's Milk Chocolate Candy Share Size (Packaging May Vary)- 3.14 oz",
            "image_url": "/images/adaptive/bvrating/v5/rating-4_5.png",
            "size": "3.14 oz",
            "rating": "4.5 out of 5 total 5073 reviews",
            "review_count": "(5073)",
            "price_info": "2/$5.79 or 1/$2.99"
        },
        {
            "name": "M&M's Peanut Butter Chocolate Candy Peanut Butter- 1.63 oz",
            "image_url": "/images/adaptive/bvrating/v5/rating-4_5.png",
            "size": "1.63 oz",
            "rating": "4.5 out of 5 total 1242 reviews",
            "review_count": "(1242)",
            "price_info": "Previous price was2/$3.79 or 1/$1.99Current sale price is2/$2.50 or 1/$1.99"
        },
        {
            "name": "M&M's Peanut Butter Chocolate Candy Peanut Butter (Packaging May Vary)- 2.83 oz",
            "image_url": "/images/adaptive/bvrating/v5/rating-4_5.png",
            "size": "2.83 oz",
            "rating": "4.5 out of 5 total 1225 reviews",
            "review_count": "(1225)",
            "price_info": "2/$5.79 or 1/$2.99"
        },
        {
            "name": "M&M's Milk Chocolate Candy, Party Size Bulk Candy BagÂ¿ Peanut Butter- 34 oz",
            "image_url": "/images/adaptive/bvrating/v5/rating-4_5.png",
            "size": "34 oz",
            "rating": "4.5 out of 5 total 1272 reviews",
            "review_count": "(1272)",
            "price_info": "$18.99$0.56  / oz"
        },
        {
            "name": "G-U-M Proxabrush Go-Betweens",
            "image_url": "/images/adaptive/bvrating/v5/rating-4_5.png",
            "size": "10 ea",
            "rating": "4.5 out of 5 total 336 reviews",
            "review_count": "(336)",
            "price_info": "$5.29$0.53  / ea"
        },
        {
            "name": "M&M's Classic Mix of Peanut, Peanut Butter & Milk Chocolate Candy, Sharing Size- 8.3 oz",
            "image_url": "/images/adaptive/bvrating/v5/rating-4_5.png",
            "size": "8.3 oz",
            "rating": "4.5 out of 5 total 94 reviews",
            "review_count": "(94)",
            "price_info": "Previous price was$6.49Current sale price is2/$10.00 or 1/$5.99$0.72  / oz"
        },
        {
            "name": "G-U-M Soft-Picks Original, Dental Floss Picks- 150 ea",
            "image_url": "/images/adaptive/bvrating/v5/rating-4_5.png",
            "size": "150 ea",
            "rating": "4.5 out of 5 total 160 reviews",
            "review_count": "(160)",
            "price_info": "$9.99$0.07  / ea"
        },
        {
            "name": "G-U-M Crayola Metallic Marker Toothbrush- 2 ea",
            "image_url": "/images/adaptive/bvrating/v5/rating-4_0.png",
            "size": "2 ea",
            "rating": "4.0 out of 5 total 11 reviews",
            "review_count": "(11)",
            "price_info": "$3.49"
        },
        {
            "name": "G-U-M Soft-Picks Original, Dental Floss Picks- 50 ea",
            "image_url": "/images/adaptive/bvrating/v5/rating-4_5.png",
            "size": "50 ea",
            "rating": "4.5 out of 5 total 155 reviews",
            "review_count": "(155)",
            "price_info": "$4.79$0.10  / ea"
        },
        {
            "name": "M&M's Vanilla Ice Cream Cookie Sandwiches- 4 fl ozx 4 pack",
            "image_url": "/images/adaptive/bvrating/v5/rating-4_5.png",
            "size": "4 fl oz   x 4 pack",
            "rating": "4.5 out of 5 total 201 reviews",
            "review_count": "(201)",
            "price_info": "$7.99"
        },
        {
            "name": "M&M's Fun Size Candy Milk Chocolate- 10.53 oz",
            "image_url": "/images/adaptive/bvrating/v5/rating-4_5.png",
            "size": "10.53 oz",
            "rating": "4.5 out of 5 total 5159 reviews",
            "review_count": "(5159)",
            "price_info": "$6.99$0.66  / oz"
        },
        {
            "name": "M&M's Candies Peanut Milk Chocolate- 18.08 oz",
            "image_url": "/images/adaptive/bvrating/v5/rating-4_5.png",
            "size": "18.08 oz",
            "rating": "4.5 out of 5 total 4834 reviews",
            "review_count": "(4834)",
            "price_info": "Previous price was$10.99Current sale price is$9.99"
        },
        {
            "name": "M&M's Fun Size Chocolate Candy Peanut- 10.57 oz",
            "image_url": "/images/adaptive/bvrating/v5/rating-4_5.png",
            "size": "10.57 oz",
            "rating": "4.5 out of 5 total 4825 reviews",
            "review_count": "(4825)",
            "price_info": "$6.99$0.66  / oz"
        },
        {
            "name": "M&M's Mini Chocolate Candies Milk Chocolate- 9.4 oz",
            "image_url": "/images/adaptive/bvrating/v5/rating-4_5.png",
            "size": "9.4 oz",
            "rating": "4.5 out of 5 total 4824 reviews",
            "review_count": "(4824)",
            "price_info": "Previous price was$6.49Current sale price is2/$10.00 or 1/$5.99"
        },
        {
            "name": "M&M's Chocolate Candies Milk Chocolate- 10 oz",
            "image_url": "/images/adaptive/bvrating/v5/rating-4_5.png",
            "size": "10 oz",
            "rating": "4.5 out of 5 total 4804 reviews",
            "review_count": "(4804)",
            "price_info": "Previous price was$6.49Current sale price is2/$10.00 or 1/$5.99"
        },
        {
            "name": "M&M's Chocolate Candies Milk Chocolate- 18 oz",
            "image_url": "/images/adaptive/bvrating/v5/rating-4_5.png",
            "size": "18 oz",
            "rating": "4.5 out of 5 total 4759 reviews",
            "review_count": "(4759)",
            "price_info": "Previous price was$10.99Current sale price is$9.99$0.56  / oz"
        },
        {
            "name": "M&M's Chocolate Candies Peanut Butter Milk Chocolate- 17.2 oz",
            "image_url": "/images/adaptive/bvrating/v5/rating-4_5.png",
            "size": "17.2 oz",
            "rating": "4.5 out of 5 total 1215 reviews",
            "review_count": "(1215)",
            "price_info": "Previous price was$10.99Current sale price is$9.99$0.58  / oz"
        },
        {
            "name": "M&M's Candy, Sharing Size, Resealable Almond Milk Chocolate- 8.6 oz",
            "image_url": "/images/adaptive/bvrating/v5/rating-4_5.png",
            "size": "8.6 oz",
            "rating": "4.5 out of 5 total 521 reviews",
            "review_count": "(521)",
            "price_info": "Previous price was$6.49Current sale price is2/$10.00 or 1/$5.99"
        },
        {
            "name": "M&M's Chocolate Candies Milk Chocolate Almond- 15 oz",
            "image_url": "/images/adaptive/bvrating/v5/rating-4_5.png",
            "size": "15 oz",
            "rating": "4.5 out of 5 total 482 reviews",
            "review_count": "(482)",
            "price_info": "Previous price was$10.99Current sale price is$9.99$0.67  / oz"
        },
        {
            "name": "G-U-M Proxabrush Go-Betweens",
            "image_url": "/images/adaptive/bvrating/v5/rating-4_5.png",
            "size": "10 ea",
            "rating": "4.5 out of 5 total 150 reviews",
            "review_count": "(150)",
            "price_info": "$5.29$0.53  / ea"
        },
        {
            "name": "M&M's Minis Peanut Butter Milk Chocolate Candy, Sharing Size, Resealable- 8.6 oz",
            "image_url": "/images/adaptive/bvrating/v5/rating-4_5.png",
            "size": "8.6 oz",
            "rating": "4.5 out of 5 total 52 reviews",
            "review_count": "(52)",
            "price_info": "Previous price was$6.49Current sale price is2/$10.00 or 1/$5.99$0.70  / oz"
        },
        {
            "name": "M&M's Mega Peanut Butter Chocolate Candy Sharing Size Resealable- 8.6 oz",
            "image_url": "/images/adaptive/bvrating/v5/rating-4_5.png",
            "size": "8.6 oz",
            "rating": "4.5 out of 5 total 41 reviews",
            "review_count": "(41)",
            "price_info": "Previous price was$6.49Current sale price is2/$10.00 or 1/$5.99$0.70  / oz"
        },
        {
            "name": "M&M's Milk Chocolate Candies- 7.4 oz",
            "image_url": "/images/adaptive/bvrating/v5/rating-4_5.png",
            "size": "7.4 oz",
            "rating": "4.5 out of 5 total 9 reviews",
            "review_count": "(9)",
            "price_info": "Previous price was$6.49Current sale price is2/$10.00 or 1/$5.99$0.81  / oz"
        },
        {
            "name": "M&M's Candy, Sharing Size, Resealable Caramel Milk Chocolate- 9.05 oz",
            "image_url": "/images/adaptive/bvrating/v5/rating-4_0.png",
            "size": "9.05 oz",
            "rating": "4.0 out of 5 total 1114 reviews",
            "review_count": "(1114)",
            "price_info": "Previous price was$6.49Current sale price is2/$10.00 or 1/$5.99$0.66  / oz"
        },
        {
            "name": "M&M's Candy, Sharing Size, Resealable Bulk Bag Peanut Butter & Jelly- 8.6 oz",
            "image_url": "/images/adaptive/bvrating/v5/rating-4_0.png",
            "size": "8.6 oz",
            "rating": "4.0 out of 5 total 91 reviews",
            "review_count": "(91)",
            "price_info": "Previous price was$6.49Current sale price is2/$10.00 or 1/$5.99"
        },
        {
            "name": "M&M's Candy Share Size Peanut Butter & Jelly- 2.83 oz",
            "image_url": "/images/adaptive/bvrating/v5/rating-4_0.png",
            "size": "2.83 oz",
            "rating": "4.0 out of 5 total 86 reviews",
            "review_count": "(86)",
            "price_info": "2/$5.79 or 1/$2.99"
        },
        {
            "name": "Walgreens Stretch Vinyl Exam Gloves M- 50 ea",
            "image_url": "/images/adaptive/share/images/wag_header_logo.png",
            "size": "50 ea",
            "rating": "",
            "review_count": "(172)",
            "price_info": "$9.99"
        },
        {
            "name": "Walgreens 4-Way Stretch Ankle Sleeve M- 1 ea",
            "image_url": "/images/adaptive/share/images/wag_header_logo.png",
            "size": "1 ea",
            "rating": "",
            "review_count": "(30)",
            "price_info": "$12.99"
        },
        {
            "name": "Depend Adult Incontinence Underwear for Men, Disposable, Maximum S-M (ct 32)- 32 EA",
            "image_url": "/images/adaptive/bvrating/v5/rating-4_5.png",
            "size": "32 EA",
            "rating": "4.5 out of 5 total 4417 reviews",
            "review_count": "(4417)",
            "price_info": "Previous price was$24.99Current sale price is2/$43.00 or 1/$24.99$0.78  / ea"
        },
        {
            "name": "Walgreens Knee Compression Sleeve S/M- 1 ea",
            "image_url": "/images/adaptive/share/images/wag_header_logo.png",
            "size": "1 ea",
            "rating": "",
            "review_count": "(114)",
            "price_info": "$14.99"
        },
        {
            "name": "goodnites Nighttime Bedwetting Underwear Size S/M (43-68 lbs)- 14 ea",
            "image_url": "/images/adaptive/bvrating/v5/rating-4_0.png",
            "size": "14 ea",
            "rating": "4.0 out of 5 total 945 reviews",
            "review_count": "(945)",
            "price_info": "2/$23.00 or 1/$14.99$1.07  / ea"
        },
        {
            "name": "Depend Adult Incontinence Underwear for Men, Disposable, Maximum S/M- 19 ea",
            "image_url": "/images/adaptive/bvrating/v5/rating-4_5.png",
            "size": "19 ea",
            "rating": "4.5 out of 5 total 4212 reviews",
            "review_count": "(4212)",
            "price_info": "Previous price was$19.99Current sale price is2/$30.00 or 1/$18.99$1.00  / ea"
        },
        {
            "name": "goodnites Girls' Nighttime Bedwetting Underwear S/M (43-68 lb.)- 14 ea",
            "image_url": "/images/adaptive/bvrating/v5/rating-4_0.png",
            "size": "14 ea",
            "rating": "4.0 out of 5 total 548 reviews",
            "review_count": "(548)",
            "price_info": "2/$23.00 or 1/$14.99$1.07  / ea"
        },
        {
            "name": "Copper Fit Energy Compression Socks S/M- 1 pr",
            "image_url": "/images/adaptive/bvrating/v5/rating-4_0.png",
            "size": "1 pr",
            "rating": "4.0 out of 5 total 47 reviews",
            "review_count": "(47)",
            "price_info": "$12.99"
        },
        {
            "name": "Walgreens Elbow Sleeve with Variable Compression S/M- 1 ea",
            "image_url": "/images/adaptive/share/images/wag_header_logo.png",
            "size": "1 ea",
            "rating": "",
            "review_count": "(50)",
            "price_info": "$19.99"
        },
        {
            "name": "Walgreens Abdominal Support Surgical Binder Moderate Support S/M- 1 ea",
            "image_url": "/images/adaptive/share/images/wag_header_logo.png",
            "size": "1 ea",
            "rating": "",
            "review_count": "(57)",
            "price_info": "$34.99"
        },
        {
            "name": "Walgreens Elbow Support with Pressure Pads Advanced Support S/M- 1 ea",
            "image_url": "/images/adaptive/share/images/wag_header_logo.png",
            "size": "1 ea",
            "rating": "",
            "review_count": "(48)",
            "price_info": "$19.99"
        },
        {
            "name": "Just For Men Mustache & Beard Haircolor Kit- 1 set",
            "image_url": "Image URL not available",
            "size": "1 set",
            "rating": "Rating not available",
            "review_count": "Review count not available",
            "price_info": "$15.99$15.99  / ea"
        },
        {
            "name": "Just For Men Mustache & Beard- 1 ea",
            "image_url": "Image URL not available",
            "size": "1 ea",
            "rating": "Rating not available",
            "review_count": "Review count not available",
            "price_info": "$15.99$15.99  / ea"
        },
        {
            "name": "Keebler Rainbow Chips Deluxe Cookies M&M's- 3 oz",
            "image_url": "/images/adaptive/bvrating/v5/rating-4_5.png",
            "size": "3 oz",
            "rating": "4.5 out of 5 total 4 reviews",
            "review_count": "(4)",
            "price_info": "2/$4.00 or 1/$2.49"
        },
        {
            "name": "Walgreens Unisex Plantar Fascia Sleeves S/M- 2 ea",
            "image_url": "/images/adaptive/share/images/wag_header_logo.png",
            "size": "2 ea",
            "rating": "",
            "review_count": "(35)",
            "price_info": "$13.49"
        },
        {
            "name": "Olive & June Nail Polish- 1 ea",
            "image_url": "/images/adaptive/bvrating/v5/rating-4_5.png",
            "size": "1 ea",
            "rating": "4.5 out of 5 total 370 reviews",
            "review_count": "(370)",
            "price_info": "$9.99"
        },
        {
            "name": "Philips Avent Soothie 3-18 M- 2 ea",
            "image_url": "/images/adaptive/bvrating/v5/rating-4_5.png",
            "size": "2 ea",
            "rating": "4.5 out of 5 total 361 reviews",
            "review_count": "(361)",
            "price_info": "$6.99"
        },
        {
            "name": "Brownie Brittle M&M'S Minis- 4 oz",
            "image_url": "/images/adaptive/bvrating/v5/rating-4_5.png",
            "size": "4 oz",
            "rating": "4.5 out of 5 total 10 reviews",
            "review_count": "(10)",
            "price_info": "2/$8.00 or 1/$4.29$1.07  / oz"
        },
        {
            "name": "Olive & June The Instant Mani Press-On Nails E + M- 1 set",
            "image_url": "/images/adaptive/bvrating/v5/rating-3_5.png",
            "size": "1 set",
            "rating": "3.5 out of 5 total 45 reviews",
            "review_count": "(45)",
            "price_info": "$11.49"
        },
        {
            "name": "Depend Adult Incontinence Underwear for Women, Disposable, Maximum Maximum (30 ct)- 30 EA",
            "image_url": "/images/adaptive/bvrating/v5/rating-4_0.png",
            "size": "30 EA",
            "rating": "4.0 out of 5 total 2359 reviews",
            "review_count": "(2359)",
            "price_info": "Previous price was$24.99Current sale price is2/$43.00 or 1/$24.99$0.83  / ea"
        },
        {
            "name": "Walgreens ComfortLux Adult Incontinence Underwear for Women, Maximum Absorbency Medium- 20 ea",
            "image_url": "/images/adaptive/share/images/wag_header_logo.png",
            "size": "20 ea",
            "rating": "",
            "review_count": "(54)",
            "price_info": "Previous price was$12.99Current sale price is2/$23.00 or 1/$12.99$0.65  / ea"
        },
        {
            "name": "Walgreens Microfiber Compression Socks, Knee High Beige- 1 pr",
            "image_url": "/images/adaptive/share/images/wag_header_logo.png",
            "size": "1 pr",
            "rating": "",
            "review_count": "(7)",
            "price_info": "$29.99"
        },
        {
            "name": "Walgreens Microfiber Compression Socks, Knee High Black- 1 pr",
            "image_url": "/images/adaptive/share/images/wag_header_logo.png",
            "size": "1 pr",
            "rating": "",
            "review_count": "Review count not available",
            "price_info": "$29.99"
        },
        {
            "name": "Walgreens Certainty Adult Incontinence Underwear for Men, Maximum Small/Medium- 32 ea",
            "image_url": "/images/adaptive/share/images/wag_header_logo.png",
            "size": "32 ea",
            "rating": "",
            "review_count": "(90)",
            "price_info": "Previous price was$18.99Current sale price is2/$33.00 or 1/$18.99$0.59  / ea"
        },
        {
            "name": "Always ZZZ Overnight Disposable Period Underwear for Women, 360 Degrees Coverage- 7 ea",
            "image_url": "/images/adaptive/bvrating/v5/rating-4_0.png",
            "size": "7 ea",
            "rating": "4.0 out of 5 total 2062 reviews",
            "review_count": "(2062)",
            "price_info": "$11.99$1.71  / ea"
        },
        {
            "name": "Walgreens Certainty Adult Incontinence Stretch Briefs with Tabs Small/Medium- 36 ea",
            "image_url": "/images/adaptive/share/images/wag_header_logo.png",
            "size": "36 ea",
            "rating": "",
            "review_count": "(147)",
            "price_info": "Previous price was$19.99Current sale price is2/$33.00 or 1/$18.99$0.53  / ea"
        },
        {
            "name": "Walgreens Certainty Adult Incontinence Stretch Briefs with Tabs Small/Medium- 20 ea",
            "image_url": "/images/adaptive/share/images/wag_header_logo.png",
            "size": "20 ea",
            "rating": "",
            "review_count": "(68)",
            "price_info": "Previous price was$12.99Current sale price is2/$23.00 or 1/$12.99$0.65  / ea"
        },
        {
            "name": "Walgreens Certainty Men's ComfortLux Underwear Small/Medium- 20 ea",
            "image_url": "/images/adaptive/share/images/wag_header_logo.png",
            "size": "20 ea",
            "rating": "",
            "review_count": "(47)",
            "price_info": "Previous price was$12.99Current sale price is2/$23.00 or 1/$12.99$0.65  / ea"
        },
        {
            "name": "Always Discreet Sensitive Skin Underwear, Four Times Skin Protection, Dermatologically Tested No scent, White- 28 ea",
            "image_url": "/images/adaptive/bvrating/v5/rating-4_5.png",
            "size": "28 ea",
            "rating": "4.5 out of 5 total 76 reviews",
            "review_count": "(76)",
            "price_info": "Previous price was$24.99Current sale price is2/$43.00 or 1/$23.49$0.84  / ea"
        },
        {
            "name": "Walgreens Back Stabilizer with Dual Adjustable Straps Maximum Support- 1 ea",
            "image_url": "/images/adaptive/share/images/wag_header_logo.png",
            "size": "1 ea",
            "rating": "",
            "review_count": "(90)",
            "price_info": "$32.99"
        },
        {
            "name": "Copper Fit Hand Relief Gloves Black- 1 pr",
            "image_url": "/images/adaptive/bvrating/v5/rating-3_5.png",
            "size": "1 pr",
            "rating": "3.5 out of 5 total 72 reviews",
            "review_count": "(72)",
            "price_info": "Previous price was$19.99Current sale price is$9.99Clearance"
        },
        {
            "name": "Hempvana Hemp Extract Gloves- 1 PR",
            "image_url": "/images/adaptive/bvrating/v5/rating-4_0.png",
            "size": "1 PR",
            "rating": "4.0 out of 5 total 44 reviews",
            "review_count": "(44)",
            "price_info": "Previous price was$19.99Current sale price is$9.99Clearance"
        },
        {
            "name": "Neo G Diabetic Friendly Comfort Ankle Socks- 2 pr",
            "image_url": "/images/adaptive/bvrating/v5/rating-4_5.png",
            "size": "2 pr",
            "rating": "4.5 out of 5 total 39 reviews",
            "review_count": "(39)",
            "price_info": "$15.99"
        },
        {
            "name": "ThermaCare Back Pain Relief Heatwraps- 3 ea",
            "image_url": "/images/adaptive/bvrating/v5/rating-4_0.png",
            "size": "3 ea",
            "rating": "4.0 out of 5 total 204 reviews",
            "review_count": "(204)",
            "price_info": "$14.99"
        },
        {
            "name": "Neo G Long Comfort Socks Black- 2 pr",
            "image_url": "Image URL not available",
            "size": "2 pr",
            "rating": "Rating not available",
            "review_count": "Review count not available",
            "price_info": "$17.99"
        },
        {
            "name": "Arm & Hammer Clean Scentsations Odor Blasters Fresh Burst- 15 oz",
            "image_url": "https://www.walgreens.com/images/adaptive/sp1/2672123_LowOnlinePrice_Badge_V2-07.png",
            "size": "15 oz",
            "rating": "Low Online Price Badge",
            "review_count": "(2485)",
            "price_info": "$4.99"
        },
        {
            "name": "Vaseline Lip Therapy Lip Balm Mini Rosy Lips- 0.25 oz",
            "image_url": "//pics.walgreens.com/prodimg/410556/450.jpg",
            "size": "0.25 oz",
            "rating": "",
            "review_count": "(651)",
            "price_info": "$2.99$11.96  / oz"
        },
        {
            "name": "Arm & Hammer Odor Blasters Plus Oxi Clean Power Paks- 14 ea",
            "image_url": "https://www.walgreens.com/images/adaptive/sp1/2672123_LowOnlinePrice_Badge_V2-07.png",
            "size": "14 ea",
            "rating": "Low Online Price Badge",
            "review_count": "(3897)",
            "price_info": "$4.99"
        },
        {
            "name": "Arm & Hammer Plus OxiClean Paks- 14 ea",
            "image_url": "https://www.walgreens.com/images/adaptive/sp1/2672123_LowOnlinePrice_Badge_V2-07.png",
            "size": "14 ea",
            "rating": "Low Online Price Badge",
            "review_count": "(3202)",
            "price_info": "$4.99$0.36  / ea"
        },
        {
            "name": "Nature's Bounty Optimal Solutions Hair, Skin & Nails Gummies with Biotin- 80 ea",
            "image_url": "//pics.walgreens.com/prodimg/506347/450.jpg",
            "size": "80 ea",
            "rating": "",
            "review_count": "(16974)",
            "price_info": "$9.99$0.12  / ea"
        },
        {
            "name": "Coca-Cola Soda, Fridge Pack 12 pack- 12 ozx 12 pack",
            "image_url": "//pics.walgreens.com/prodimg/416805/450.jpg",
            "size": "12 oz   x 12 pack",
            "rating": "",
            "review_count": "(26373)",
            "price_info": "Previous price was$10.99Current sale price is3/$21.98 or 1/$10.99"
        },
        {
            "name": "Arm & Hammer Scent Boosters Purifying Waters- 15 oz",
            "image_url": "https://www.walgreens.com/images/adaptive/sp1/2672123_LowOnlinePrice_Badge_V2-07.png",
            "size": "15 oz",
            "rating": "Low Online Price Badge",
            "review_count": "(1099)",
            "price_info": "$4.99"
        },
        {
            "name": "Walgreens Soft Bath Tissue 9 Roll- 9 ea",
            "image_url": "//pics.walgreens.com/prodimg/623099/450.jpg",
            "size": "9 ea",
            "rating": "",
            "review_count": "(2199)",
            "price_info": "$5.00$0.01  / sheet"
        },
        {
            "name": "Vaseline Lip Therapy Lip Balm Mini Original- 0.25 oz",
            "image_url": "/images/adaptive/bvrating/v5/rating-4_0.png",
            "size": "0.25 oz",
            "rating": "4.0 out of 5 total 231 reviews",
            "review_count": "(231)",
            "price_info": "$2.99$11.96  / oz"
        },
        {
            "name": "Walgreens Mega Super Soft Bathroom Tissue 9 Rolls- 9 ea",
            "image_url": "/images/adaptive/share/images/wag_header_logo.png",
            "size": "9 ea",
            "rating": "",
            "review_count": "(1507)",
            "price_info": "Previous price was2/$10.00 or 1/$6.99Current sale price is2/$9.00$0.01  / sheet"
        },
        {
            "name": "Big Roll Bathroom Tissue- 1 ea",
            "image_url": "/images/adaptive/share/images/wag_header_logo.png",
            "size": "1 ea",
            "rating": "",
            "review_count": "(566)",
            "price_info": "10/$6.00 or 1/$0.79$0.01  / sheet"
        },
        {
            "name": "Plan B One-Step Emergency Contraceptive- 1 ea",
            "image_url": "/images/adaptive/bvrating/v5/rating-4_0.png",
            "size": "1 ea",
            "rating": "4.0 out of 5 total 1765 reviews",
            "review_count": "(1765)",
            "price_info": "$49.99$49.99  / ea"
        },
        {
            "name": "Primatene Mist Epinephrine Inhalation Aerosol 160 Metered Sprays- 1 ea",
            "image_url": "/images/adaptive/bvrating/v5/rating-4_0.png",
            "size": "1 ea",
            "rating": "4.0 out of 5 total 1687 reviews",
            "review_count": "(1687)",
            "price_info": "$32.99$80.46  / oz"
        },
        {
            "name": "Nature's Bounty Optimal Solutions Hair, Skin & Nails with Biotin & Collagen Tropical Citrus- 80 ea",
            "image_url": "/images/adaptive/bvrating/v5/rating-4_0.png",
            "size": "80 ea",
            "rating": "4.0 out of 5 total 665 reviews",
            "review_count": "(665)",
            "price_info": "$11.99$0.15  / ea"
        },
        {
            "name": "Diet Coke Soda 12 pack- 12 ozx 12 pack",
            "image_url": "/images/adaptive/bvrating/v5/rating-4_5.png",
            "size": "12 oz   x 12 pack",
            "rating": "4.5 out of 5 total 6730 reviews",
            "review_count": "(6730)",
            "price_info": "Previous price was$10.99Current sale price is3/$21.98 or 1/$10.99"
        },
        {
            "name": "Nice! For You Distilled Water- 128 fl oz",
            "image_url": "/images/adaptive/share/images/wag_header_logo.png",
            "size": "128 fl oz",
            "rating": "",
            "review_count": "(762)",
            "price_info": "$1.79"
        },
        {
            "name": "Be Koool Immediate Cooling Fever Reducing Soft Gel Sheets for Kids- 4 ea",
            "image_url": "/images/adaptive/bvrating/v5/rating-4_5.png",
            "size": "4 ea",
            "rating": "4.5 out of 5 total 161 reviews",
            "review_count": "(161)",
            "price_info": "2/$10.00 or 1/$5.99"
        },
        {
            "name": "Puffs Plus Lotion Facial Tissues Vicks, 48 Tissues Per Box- 1 ea",
            "image_url": "/images/adaptive/bvrating/v5/rating-4_5.png",
            "size": "1 ea",
            "rating": "4.5 out of 5 total 1743 reviews",
            "review_count": "(1743)",
            "price_info": "$2.49$0.05  / sheet"
        },
        {
            "name": "Vanicream Cleansing Bar for Sensitive Skin- 3.9 oz",
            "image_url": "/images/adaptive/bvrating/v5/rating-4_5.png",
            "size": "3.9 oz",
            "rating": "4.5 out of 5 total 496 reviews",
            "review_count": "(496)",
            "price_info": "$3.99$1.02  / oz"
        },
        {
            "name": "Opti-Free PureMoist Multi-Purpose Disinfecting Solution- 10 fl ozx 2 pack",
            "image_url": "/images/adaptive/bvrating/v5/rating-4_5.png",
            "size": "10 fl oz   x 2 pack",
            "rating": "4.5 out of 5 total 812 reviews",
            "review_count": "(812)",
            "price_info": "$17.99$0.90  / oz"
        },
        {
            "name": "Poise Postpartum Incontinence Pads, Long 6 Drop Ultimate Absorbency Long Length (ct 45)- 45 ea",
            "image_url": "/images/adaptive/bvrating/v5/rating-4_0.png",
            "size": "45 ea",
            "rating": "4.0 out of 5 total 3255 reviews",
            "review_count": "(3255)",
            "price_info": "Previous price was$24.99Current sale price is2/$43.00 or 1/$24.99$0.56  / ea"
        },
        {
            "name": "Nature Made Vitamin K2 100 mcg Softgels- 30 ea",
            "image_url": "/images/adaptive/bvrating/v5/rating-4_5.png",
            "size": "30 ea",
            "rating": "4.5 out of 5 total 226 reviews",
            "review_count": "(226)",
            "price_info": "$19.99$0.67  / ea"
        },
        {
            "name": "Cepacol Extra Strength Sore Throat Relief Lozenges Honey Lemon- 16 ea",
            "image_url": "/images/adaptive/bvrating/v5/rating-4_5.png",
            "size": "16 ea",
            "rating": "4.5 out of 5 total 285 reviews",
            "review_count": "(285)",
            "price_info": "$5.99$0.37  / ea"
        },
        {
            "name": "Dr Pepper Soda 12 pack- 12 ozx 12 pack",
            "image_url": "/images/adaptive/bvrating/v5/rating-4_5.png",
            "size": "12 oz   x 12 pack",
            "rating": "4.5 out of 5 total 2446 reviews",
            "review_count": "(2446)",
            "price_info": "Previous price was$10.99Current sale price is3/$15.99 or 1/$10.99"
        },
        {
            "name": "Coca-Cola Zero Sugar Cola Fridge Pack Cola, 12 pack- 12 fl ozx 12 pack",
            "image_url": "/images/adaptive/bvrating/v5/rating-4_5.png",
            "size": "12 fl oz   x 12 pack",
            "rating": "4.5 out of 5 total 8137 reviews",
            "review_count": "(8137)",
            "price_info": "Previous price was$10.99Current sale price is3/$21.98 or 1/$10.99"
        },
        {
            "name": "CeraVe Night Face Lotion with Hyaluronic Acid Fragrance Free- 3 fl oz",
            "image_url": "/images/adaptive/bvrating/v5/rating-4_5.png",
            "size": "3 fl oz",
            "rating": "4.5 out of 5 total 3328 reviews",
            "review_count": "(3328)",
            "price_info": "$17.99$6.00  / oz"
        },
        {
            "name": "Vicks Shower Steamers, Shower Tablets, Soothing Non-Medicated Vicks Vapors Eucalyptus & Menthol- 3 ea",
            "image_url": "/images/adaptive/bvrating/v5/rating-4_0.png",
            "size": "3 ea",
            "rating": "4.0 out of 5 total 290 reviews",
            "review_count": "(290)",
            "price_info": "$8.99$3.00  / ea"
        },
        {
            "name": "Nature's Bounty Glucosamine Chondroitin Capsules- 110 ea",
            "image_url": "/images/adaptive/bvrating/v5/rating-4_5.png",
            "size": "110 ea",
            "rating": "4.5 out of 5 total 200 reviews",
            "review_count": "(200)",
            "price_info": "$24.99$0.23  / ea"
        },
        {
            "name": "Crest Complete Complete Whitening Toothpaste Minty Fresh- 5.4 oz",
            "image_url": "/images/adaptive/bvrating/v5/rating-4_5.png",
            "size": "5.4 oz",
            "rating": "4.5 out of 5 total 12672 reviews",
            "review_count": "(12672)",
            "price_info": "Previous price was$5.29Current sale price is$4.00$0.74  / oz"
        },
        {
            "name": "Vaseline Soothing Hydration Hand and Body Lotion Aloe Soothe- 10 fl oz",
            "image_url": "/images/adaptive/bvrating/v5/rating-4_0.png",
            "size": "10 fl oz",
            "rating": "4.0 out of 5 total 971 reviews",
            "review_count": "(971)",
            "price_info": "$5.99$0.60  / oz"
        },
        {
            "name": "Tide Simply +Oxi Liquid Laundry Detergent, Refreshing Breeze- 31 fl oz",
            "image_url": "/images/adaptive/bvrating/v5/rating-4_5.png",
            "size": "31 fl oz",
            "rating": "4.5 out of 5 total 2676 reviews",
            "review_count": "(2676)",
            "price_info": "Previous price was$5.99Current sale price is4/$10.00 or 1/$4.49"
        },
        {
            "name": "Nice! Purified Water- 16.9 fl ozx 24 pack",
            "image_url": "/images/adaptive/share/images/wag_header_logo.png",
            "size": "16.9 fl oz   x 24 pack",
            "rating": "",
            "review_count": "(3536)",
            "price_info": "Previous price was$3.99Current sale price is$2.99"
        },
        {
            "name": "Biotene Moisturizing Mouth Spray Gentle Mint- 1.5 fl oz",
            "image_url": "/images/adaptive/bvrating/v5/rating-4_0.png",
            "size": "1.5 fl oz",
            "rating": "4.0 out of 5 total 547 reviews",
            "review_count": "(547)",
            "price_info": "$8.49$5.66  / oz"
        },
        {
            "name": "Canada Dry Ginger Ale Ginger Ale, 12 pack- 12 ozx 12 pack",
            "image_url": "/images/adaptive/bvrating/v5/rating-4_5.png",
            "size": "12 oz   x 12 pack",
            "rating": "4.5 out of 5 total 3391 reviews",
            "review_count": "(3391)",
            "price_info": "Previous price was$10.99Current sale price is3/$15.99 or 1/$10.99"
        },
        {
            "name": "BIC Smooth Scented Women's Disposable Razor Lavender- 4 ea",
            "image_url": "/images/adaptive/bvrating/v5/rating-4_5.png",
            "size": "4 ea",
            "rating": "4.5 out of 5 total 853 reviews",
            "review_count": "(853)",
            "price_info": "$6.99$1.75  / ea"
        },
        {
            "name": "Biotene Dry Mouth Lozenges For Fresh Breath Refreshing Mint- 27 ea",
            "image_url": "/images/adaptive/bvrating/v5/rating-4_5.png",
            "size": "27 ea",
            "rating": "4.5 out of 5 total 658 reviews",
            "review_count": "(658)",
            "price_info": "$8.49$0.31  / ea"
        },
        {
            "name": "Vaseline Nourishing Moisture Body Lotion Essential Healing- 10 fl oz",
            "image_url": "/images/adaptive/bvrating/v5/rating-4_0.png",
            "size": "10 fl oz",
            "rating": "4.0 out of 5 total 1179 reviews",
            "review_count": "(1179)",
            "price_info": "$5.99$0.60  / oz"
        },
        {
            "name": "Olay Complete Daily Moisturizer with Sunscreen SPF 15, Sensitive Fragrance-Free- 4 fl oz",
            "image_url": "/images/adaptive/bvrating/v5/rating-4_5.png",
            "size": "4 fl oz",
            "rating": "4.5 out of 5 total 619 reviews",
            "review_count": "(619)",
            "price_info": "$11.49$2.87  / oz"
        },
        {
            "name": "CeraVe Anti-Aging Skin Renewing Night Face Cream with Hyaluronic Acid- 1.7 OZ",
            "image_url": "/images/adaptive/bvrating/v5/rating-4_5.png",
            "size": "1.7 OZ",
            "rating": "4.5 out of 5 total 1501 reviews",
            "review_count": "(1501)",
            "price_info": "$19.99$11.76  / oz"
        },
        {
            "name": "Vaseline Body Lotion Cocoa Radiant- 10 fl oz",
            "image_url": "/images/adaptive/bvrating/v5/rating-4_0.png",
            "size": "10 fl oz",
            "rating": "4.0 out of 5 total 1680 reviews",
            "review_count": "(1680)",
            "price_info": "$5.99$0.60  / oz"
        },
        {
            "name": "Cepacol Extra Strength Sore Throat & Cough Relief Lozenges Mixed Berry- 16 ea",
            "image_url": "/images/adaptive/bvrating/v5/rating-4_5.png",
            "size": "16 ea",
            "rating": "4.5 out of 5 total 266 reviews",
            "review_count": "(266)",
            "price_info": "$5.99"
        },
        {
            "name": "Children's Motrin Ibuprofen Kids Medicine Berry- 4 fl oz",
            "image_url": "/images/adaptive/bvrating/v5/rating-4_5.png",
            "size": "4 fl oz",
            "rating": "4.5 out of 5 total 738 reviews",
            "review_count": "(738)",
            "price_info": "$10.99$2.75  / oz"
        },
        {
            "name": "Sprite Soda, Lemon-Lime Lemon-Lime, 12 pack- 12 ozx 12 pack",
            "image_url": "/images/adaptive/bvrating/v5/rating-4_5.png",
            "size": "12 oz   x 12 pack",
            "rating": "4.5 out of 5 total 9158 reviews",
            "review_count": "(9158)",
            "price_info": "Previous price was$10.99Current sale price is3/$21.98 or 1/$10.99"
        },
        {
            "name": "Nivea Essentially Enriched Body Lotion- 16.9 fl oz",
            "image_url": "/images/adaptive/bvrating/v5/rating-4_5.png",
            "size": "16.9 fl oz",
            "rating": "4.5 out of 5 total 572 reviews",
            "review_count": "(572)",
            "price_info": "$10.99$0.65  / oz"
        },
        {
            "name": "Air Wick Plug In Scented Oil with Essential Oils, Air Freshener Fresh Waters- 0.67 fl ozx 2 pack",
            "image_url": "/images/adaptive/bvrating/v5/rating-4_5.png",
            "size": "0.67 fl oz   x 2 pack",
            "rating": "4.5 out of 5 total 142 reviews",
            "review_count": "(142)",
            "price_info": "Previous price was$7.99Current sale price is$6.49$4.84  / oz"
        },
        {
            "name": "Coca-Cola Soda, Original Taste 2 Liter Bottle- 67.6 oz",
            "image_url": "/images/adaptive/bvrating/v5/rating-4_5.png",
            "size": "67.6 oz",
            "rating": "4.5 out of 5 total 23383 reviews",
            "review_count": "(23383)",
            "price_info": "$3.59"
        },
        {
            "name": "Nivea Creme",
            "image_url": "/images/adaptive/bvrating/v5/rating-4_5.png",
            "size": "1 oz",
            "rating": "4.5 out of 5 total 401 reviews",
            "review_count": "(401)",
            "price_info": "$1.29$1.29  / oz"
        },
        {
            "name": "Softsoap Liquid Hand Soap Pump Aloe Vera Fresh- 7.5 fl oz",
            "image_url": "/images/adaptive/bvrating/v5/rating-3_0.png",
            "size": "7.5 fl oz",
            "rating": "3.0 out of 5 total 1130 reviews",
            "review_count": "(1130)",
            "price_info": "$2.49$0.33  / oz"
        },
        {
            "name": "7-Up Lemon Lime Soda Lemon-Lime, 12 pack- 12 ozx 12 pack",
            "image_url": "/images/adaptive/bvrating/v5/rating-4_0.png",
            "size": "12 oz   x 12 pack",
            "rating": "4.0 out of 5 total 532 reviews",
            "review_count": "(532)",
            "price_info": "Previous price was$10.99Current sale price is3/$15.99 or 1/$10.99"
        },
        {
            "name": "Air Wick Plug In Scented Oil with Essential Oils, Air Freshener Summer Delights (White Flowers/Melon/Vanilla), Twin Refill- 0.67 ozx 2 pack",
            "image_url": "/images/adaptive/bvrating/v5/rating-4_5.png",
            "size": "0.67 oz   x 2 pack",
            "rating": "4.5 out of 5 total 186 reviews",
            "review_count": "(186)",
            "price_info": "Previous price was$7.99Current sale price is$6.49$4.84  / oz"
        },
        {
            "name": "Nice! Roasted Cashew Halves & Pieces Lightly Sea Salted- 8 oz",
            "image_url": "/images/adaptive/share/images/wag_header_logo.png",
            "size": "8 oz",
            "rating": "",
            "review_count": "(584)",
            "price_info": "$6.49$0.81  / oz"
        },
        {
            "name": "Angel Soft 2-Ply Bathroom Tissue Mega Roll Mega Roll- 320 eax 6 pack",
            "image_url": "/images/adaptive/bvrating/v5/rating-4_5.png",
            "size": "320 ea   x 6 pack",
            "rating": "4.5 out of 5 total 6332 reviews",
            "review_count": "(6332)",
            "price_info": "Previous price was2/$11.00 or 1/$6.49Current sale price is2/$9.00 or 1/$4.99$0.01  / sheet"
        },
        {
            "name": "Children's TYLENOL Pain + Fever Relief Cold Medicine Grape- 4 fl oz",
            "image_url": "/images/adaptive/bvrating/v5/rating-4_5.png",
            "size": "4 fl oz",
            "rating": "4.5 out of 5 total 1553 reviews",
            "review_count": "(1553)",
            "price_info": "$9.99$2.50  / oz"
        },
        {
            "name": "Dawn Powerwash Spray, Dish Soap, Dishwashing Liquid Fresh- 16 fl oz",
            "image_url": "/images/adaptive/bvrating/v5/rating-4_0.png",
            "size": "16 fl oz",
            "rating": "4.0 out of 5 total 2145 reviews",
            "review_count": "(2145)",
            "price_info": "$6.49"
        },
        {
            "name": "Walgreens Absorbent Paper Towels 6 Rolls, 86 Sheets per Roll, 236.5 sq ft- 86 eax 6 pack",
            "image_url": "/images/adaptive/share/images/wag_header_logo.png",
            "size": "86 ea   x 6 pack",
            "rating": "",
            "review_count": "(1869)",
            "price_info": "$5.00$0.01  / sheet"
        },
        {
            "name": "Big Roll Bathroom Tissue- 1000 eax 4 pack",
            "image_url": "/images/adaptive/share/images/wag_header_logo.png",
            "size": "1000 ea   x 4 pack",
            "rating": "",
            "review_count": "(498)",
            "price_info": "2/$5.00 or 1/$3.00$0.01  / sheet"
        },
        {
            "name": "Lysol Disinfectant Spray, Sanitizing and Antibacterial Spray Crisp Linen (Packaging May Vary)- 19 Oz",
            "image_url": "/images/adaptive/bvrating/v5/rating-4_0.png",
            "size": "19 Oz",
            "rating": "4.0 out of 5 total 960 reviews",
            "review_count": "(960)",
            "price_info": "Previous price was$9.99Current sale price is$7.49"
        },
        {
            "name": "TYLENOL 500 Mg Acetaminophen Rapid Release Gels- 100 ea",
            "image_url": "/images/adaptive/bvrating/v5/rating-4_5.png",
            "size": "100 ea",
            "rating": "4.5 out of 5 total 1525 reviews",
            "review_count": "(1525)",
            "price_info": "$14.99$0.15  / ea"
        },
        {
            "name": "Walgreens Saline Wound Wash- 7.4 oz",
            "image_url": "/images/adaptive/share/images/wag_header_logo.png",
            "size": "7.4 oz",
            "rating": "",
            "review_count": "(517)",
            "price_info": "$9.29"
        },
        {
            "name": "Nature's Bounty Zinc 50 mg Caplets- 100 ea",
            "image_url": "/images/adaptive/bvrating/v5/rating-4_5.png",
            "size": "100 ea",
            "rating": "4.5 out of 5 total 925 reviews",
            "review_count": "(925)",
            "price_info": "$8.99$0.09  / ea"
        },
        {
            "name": "Walgreens Digital Thermometer 30 Second Rigid-Tip- 1 ea",
            "image_url": "/images/adaptive/share/images/wag_header_logo.png",
            "size": "1 ea",
            "rating": "",
            "review_count": "(1041)",
            "price_info": "$9.99"
        },
        {
            "name": "Take Action Emergency Contraceptive Tablet- 1 ea",
            "image_url": "/images/adaptive/bvrating/v5/rating-4_0.png",
            "size": "1 ea",
            "rating": "4.0 out of 5 total 1166 reviews",
            "review_count": "(1166)",
            "price_info": "$39.99$39.99  / ea"
        },
        {
            "name": "Walgreens Vinyl Exam Gloves One Size Fits Most- 200 ea",
            "image_url": "/images/adaptive/share/images/wag_header_logo.png",
            "size": "200 ea",
            "rating": "",
            "review_count": "(999)",
            "price_info": "$17.99"
        },
        {
            "name": "Walgreens Omeprazole Delayed Release Tablets- 14 eax 3 pack",
            "image_url": "/images/adaptive/share/images/wag_header_logo.png",
            "size": "14 ea   x 3 pack",
            "rating": "",
            "review_count": "(1219)",
            "price_info": "$23.99$0.57  / ea"
        },
        {
            "name": "CeraVe Acne Foaming Cream Face Cleanser for Sensitive Skin- 5 fl oz",
            "image_url": "/images/adaptive/bvrating/v5/rating-4_5.png",
            "size": "5 fl oz",
            "rating": "4.5 out of 5 total 1149 reviews",
            "review_count": "(1149)",
            "price_info": "$16.99$3.40  / oz"
        },
        {
            "name": "Aquaphor Advanced Therapy Healing Ointment Fragrance Free- 1.75 oz",
            "image_url": "/images/adaptive/bvrating/v5/rating-4_5.png",
            "size": "1.75 oz",
            "rating": "4.5 out of 5 total 399 reviews",
            "review_count": "(399)",
            "price_info": "$7.29$4.17  / oz"
        },
        {
            "name": "Walgreens 70% Isopropyl Alcohol- 32 fl oz",
            "image_url": "/images/adaptive/share/images/wag_header_logo.png",
            "size": "32 fl oz",
            "rating": "",
            "review_count": "(257)",
            "price_info": "$4.49"
        },
        {
            "name": "CeraVe Fragrance-Free Face Cleanser, Foaming Face Wash with Hyaluronic Acid- 16 fl oz",
            "image_url": "/images/adaptive/bvrating/v5/rating-4_5.png",
            "size": "16 fl oz",
            "rating": "4.5 out of 5 total 8539 reviews",
            "review_count": "(8539)",
            "price_info": "$18.99$1.19  / oz"
        },
        {
            "name": "Purex Liquid Laundry Detergent Plus Oxi Fresh Morning Burst- 43.5 fl oz",
            "image_url": "/images/adaptive/bvrating/v5/rating-4_5.png",
            "size": "43.5 fl oz",
            "rating": "4.5 out of 5 total 1464 reviews",
            "review_count": "(1464)",
            "price_info": "Previous price was$8.99Current sale price is4/$10.00 or 1/$4.99"
        },
        {
            "name": "Lysol All Purpose Cleaner Spray Lemon Breeze- 32 oz",
            "image_url": "/images/adaptive/bvrating/v5/rating-4_0.png",
            "size": "32 oz",
            "rating": "4.0 out of 5 total 265 reviews",
            "review_count": "(265)",
            "price_info": "Previous price was$6.29Current sale price is2/$8.00 or 1/$4.49$0.14  / oz"
        },
        {
            "name": "Crest Pro-Health Advanced Extra Whitening Toothpaste- 3.5 oz",
            "image_url": "/images/adaptive/bvrating/v5/rating-4_0.png",
            "size": "3.5 oz",
            "rating": "4.0 out of 5 total 619 reviews",
            "review_count": "(619)",
            "price_info": "Previous price was$4.29Current sale price is$4.00$1.14  / oz"
        },
        {
            "name": "CeraVe Retinol Serum for Post-Acne Marks and Skin Texture- 1 fl oz",
            "image_url": "/images/adaptive/bvrating/v5/rating-4_5.png",
            "size": "1 fl oz",
            "rating": "4.5 out of 5 total 1078 reviews",
            "review_count": "(1078)",
            "price_info": "$19.99$19.99  / oz"
        },
        {
            "name": "L. Ultra Thin Pads for Women, 100% Pure Cotton Top Layer, with Wings No scent, Super Absorbency- 42 ea",
            "image_url": "//pics.walgreens.com/prodimg/621375/450.jpg",
            "size": "42 ea",
            "rating": "",
            "review_count": "(793)",
            "price_info": "$14.49$0.35  / ea"
        },
        {
            "name": "L. Cotton Tampons, Contains an Organic Cotton Core, Regular/Super Absorbency Unscented- 30 ea",
            "image_url": "//pics.walgreens.com/prodimg/621228/450.jpg",
            "size": "30 ea",
            "rating": "",
            "review_count": "(2478)",
            "price_info": "$14.49$0.48  / ea"
        },
        {
            "name": "L. Ultra Thin Pads, 100% Pure Cotton Top Layer, with Wings Overnight Absorbency No Scent, Extra Long- 36 ea",
            "image_url": "//pics.walgreens.com/prodimg/621376/450.jpg",
            "size": "36 ea",
            "rating": "",
            "review_count": "(1162)",
            "price_info": "$14.49$0.40  / ea"
        },
        {
            "name": "L. Cotton Tampons Regular Absorbency No scent- 30 ea",
            "image_url": "//pics.walgreens.com/prodimg/621226/450.jpg",
            "size": "30 ea",
            "rating": "",
            "review_count": "(3841)",
            "price_info": "$14.49$0.48  / ea"
        },
        {
            "name": "L. Ultra Thin Liners for Women, 100% Pure Cotton Top Layer Pantiliners Regular- 100 ea",
            "image_url": "//pics.walgreens.com/prodimg/621378/450.jpg",
            "size": "100 ea",
            "rating": "",
            "review_count": "(1887)",
            "price_info": "$13.99$0.14  / ea"
        },
        {
            "name": "L. Ultra Thin Pads for Women, 100% Pure Cotton Top Layer Pads with Wings Unscented, Regular- 42 ea",
            "image_url": "//pics.walgreens.com/prodimg/621377/450.jpg",
            "size": "42 ea",
            "rating": "",
            "review_count": "(4216)",
            "price_info": "$14.49$0.35  / ea"
        },
        {
            "name": "L. Cotton Tampons Light/Regular Absorbency Unscented- 30 ea",
            "image_url": "//pics.walgreens.com/prodimg/641287/450.jpg",
            "size": "30 ea",
            "rating": "",
            "review_count": "(798)",
            "price_info": "$14.49$0.48  / ea"
        },
        {
            "name": "L. Cotton Tampons, Contains an Organic Cotton Core, Super Absorbency Unscented- 30 ea",
            "image_url": "//pics.walgreens.com/prodimg/621227/450.jpg",
            "size": "30 ea",
            "rating": "",
            "review_count": "(2472)",
            "price_info": "$14.49$0.48  / ea"
        },
        {
            "name": "Nature Made L-Lysine 1000 mg Tablets- 60 ea",
            "image_url": "/images/adaptive/bvrating/v5/rating-4_0.png",
            "size": "60 ea",
            "rating": "4.0 out of 5 total 72 reviews",
            "review_count": "(72)",
            "price_info": "$14.99$0.25  / ea"
        },
        {
            "name": "Walgreens L-Theanine 200 mg Capsules (60 days) (Packaging May Vary)- 60 ea",
            "image_url": "/images/adaptive/share/images/wag_header_logo.png",
            "size": "60 ea",
            "rating": "",
            "review_count": "(65)",
            "price_info": "$11.49$0.19  / ea"
        },
        {
            "name": "Walgreens L-Carnitine 500 mg Caplets- 60 ea",
            "image_url": "/images/adaptive/share/images/wag_header_logo.png",
            "size": "60 ea",
            "rating": "",
            "review_count": "(22)",
            "price_info": "$19.99$0.33  / ea"
        },
        {
            "name": "Nature's Bounty L-Arginine 1000 mg Amino Acid Supplement Tablets- 50 ea",
            "image_url": "/images/adaptive/bvrating/v5/rating-4_0.png",
            "size": "50 ea",
            "rating": "4.0 out of 5 total 57 reviews",
            "review_count": "(57)",
            "price_info": "$14.99$0.30  / ea"
        },
        {
            "name": "Nature's Bounty L-Lysine 1000mg, Tablets- 60 ea",
            "image_url": "/images/adaptive/bvrating/v5/rating-4_5.png",
            "size": "60 ea",
            "rating": "4.5 out of 5 total 49 reviews",
            "review_count": "(49)",
            "price_info": "$9.99$0.17  / ea"
        },
        {
            "name": "Nature Made L-Theanine 200 mg Chewable Tablets Tropical Fruit- 50 ea",
            "image_url": "/images/adaptive/bvrating/v5/rating-4_5.png",
            "size": "50 ea",
            "rating": "4.5 out of 5 total 52 reviews",
            "review_count": "(52)",
            "price_info": "$17.99$0.36  / ea"
        },
        {
            "name": "Walgreens L-Arginine 1000 mg Tablets- 50 EA",
            "image_url": "/images/adaptive/share/images/wag_header_logo.png",
            "size": "50 EA",
            "rating": "",
            "review_count": "(39)",
            "price_info": "$12.99$0.26  / ea"
        },
        {
            "name": "Walgreens L-Lysine 1000mg- 100 ea",
            "image_url": "/images/adaptive/share/images/wag_header_logo.png",
            "size": "100 ea",
            "rating": "",
            "review_count": "(19)",
            "price_info": "$11.99$0.12  / ea"
        },
        {
            "name": "L. Cotton Tampons Light Absorbency No scent- 30 ea",
            "image_url": "/images/adaptive/bvrating/v5/rating-4_0.png",
            "size": "30 ea",
            "rating": "4.0 out of 5 total 1000 reviews",
            "review_count": "(1000)",
            "price_info": "$14.49$0.48  / ea"
        },
        {
            "name": "L. Cotton Tampons Multipack, Contains an Organic Cotton Core No Scent, Regular/Super Absorbency- 42 ea",
            "image_url": "/images/adaptive/bvrating/v5/rating-4_0.png",
            "size": "42 ea",
            "rating": "4.0 out of 5 total 2524 reviews",
            "review_count": "(2524)",
            "price_info": "$16.99$0.40  / ea"
        },
        {
            "name": "L'Oreal Paris Elvive Total Repair 5 Repairing Shampoo for Damaged Hair- 12.6 fl oz",
            "image_url": "/images/adaptive/bvrating/v5/rating-4_5.png",
            "size": "12.6 fl oz",
            "rating": "4.5 out of 5 total 850 reviews",
            "review_count": "(850)",
            "price_info": "Previous price was$5.99Current sale price is2/$10.00 or 1/$5.49$0.44  / oz"
        },
        {
            "name": "L'il Critters Gummy Vites Complete Kids Gummy Vitamins- 190 ea",
            "image_url": "/images/adaptive/bvrating/v5/rating-4_5.png",
            "size": "190 ea",
            "rating": "4.5 out of 5 total 2255 reviews",
            "review_count": "(2255)",
            "price_info": "$18.99$0.10  / ea"
        },
        {
            "name": "L'Oreal Paris Voluminous Lash Paradise Mascara- 0.28 fl oz",
            "image_url": "/images/adaptive/bvrating/v5/rating-4_0.png",
            "size": "0.28 fl oz",
            "rating": "4.0 out of 5 total 2273 reviews",
            "review_count": "(2273)",
            "price_info": "$12.99"
        },
        {
            "name": "L'Oreal Paris Elvive Total Repair Extreme Renewing Shampoo- 12.6 fl oz",
            "image_url": "/images/adaptive/bvrating/v5/rating-4_5.png",
            "size": "12.6 fl oz",
            "rating": "4.5 out of 5 total 331 reviews",
            "review_count": "(331)",
            "price_info": "Previous price was$5.99Current sale price is2/$10.00 or 1/$5.49$0.44  / oz"
        },
        {
            "name": "L'Oreal Paris Elvive Color Vibrancy Protecting Shampoo- 12.6 fl oz",
            "image_url": "/images/adaptive/bvrating/v5/rating-4_0.png",
            "size": "12.6 fl oz",
            "rating": "4.0 out of 5 total 412 reviews",
            "review_count": "(412)",
            "price_info": "Previous price was$5.99Current sale price is2/$10.00 or 1/$5.49$0.44  / oz"
        },
        {
            "name": "L'Oreal Paris Voluminous Lash Paradise Mascara- 0.25 fl oz",
            "image_url": "/images/adaptive/bvrating/v5/rating-4_0.png",
            "size": "0.25 fl oz",
            "rating": "4.0 out of 5 total 896 reviews",
            "review_count": "(896)",
            "price_info": "$12.99"
        },
        {
            "name": "L'Oreal Paris Superior Preference Fade-Defying + Shine Permanent Hair Color- 1 ea",
            "image_url": "/images/adaptive/bvrating/v5/rating-4_0.png",
            "size": "1 ea",
            "rating": "4.0 out of 5 total 4640 reviews",
            "review_count": "(4640)",
            "price_info": "$12.99$12.99  / ea"
        },
        {
            "name": "L'Oreal Paris Revitalift 1.5% Pure Hyaluronic Acid Face Serum, Hydrate & Reduce Wrinkles Fragrance Free- 1 fl oz",
            "image_url": "/images/adaptive/bvrating/v5/rating-4_5.png",
            "size": "1 fl oz",
            "rating": "4.5 out of 5 total 14101 reviews",
            "review_count": "(14101)",
            "price_info": "Previous price was$35.99Current sale price is$29.99$29.99  / oz"
        },
        {
            "name": "L.A. Looks Absolute Styling Sport Hair Gel- 20 oz",
            "image_url": "/images/adaptive/bvrating/v5/rating-4_0.png",
            "size": "20 oz",
            "rating": "4.0 out of 5 total 87 reviews",
            "review_count": "(87)",
            "price_info": "$4.29"
        },
        {
            "name": "L'Oreal Paris Revitalift Triple Power Anti-Aging Face Moisturizer- 1.7 oz",
            "image_url": "/images/adaptive/bvrating/v5/rating-4_0.png",
            "size": "1.7 oz",
            "rating": "4.0 out of 5 total 6330 reviews",
            "review_count": "(6330)",
            "price_info": "Previous price was$29.99Current sale price is$24.99$14.70  / oz"
        },
        {
            "name": "Herpecin-L Cold Sore Relief, Lip Balm Stick, SPF 30 & Lysine- 0.1 oz",
            "image_url": "/images/adaptive/bvrating/v5/rating-4_5.png",
            "size": "0.1 oz",
            "rating": "4.5 out of 5 total 46 reviews",
            "review_count": "(46)",
            "price_info": "$7.49"
        },
        {
            "name": "L'Oreal Paris Voluminous Original Washable Bold Eye Mascara- 0.28 fl oz",
            "image_url": "/images/adaptive/bvrating/v5/rating-3_5.png",
            "size": "0.28 fl oz",
            "rating": "3.5 out of 5 total 1994 reviews",
            "review_count": "(1994)",
            "price_info": "$10.99"
        },
        {
            "name": "L'Oreal Paris Telescopic Original Mascara- 1 ea",
            "image_url": "/images/adaptive/bvrating/v5/rating-4_0.png",
            "size": "1 ea",
            "rating": "4.0 out of 5 total 1820 reviews",
            "review_count": "(1820)",
            "price_info": "$12.99"
        },
        {
            "name": "L'Oreal Paris Elvive Color Vibrancy Protecting Conditioner- 12.6 fl oz",
            "image_url": "/images/adaptive/bvrating/v5/rating-4_5.png",
            "size": "12.6 fl oz",
            "rating": "4.5 out of 5 total 235 reviews",
            "review_count": "(235)",
            "price_info": "Previous price was$5.99Current sale price is2/$10.00 or 1/$5.49$0.44  / oz"
        },
        {
            "name": "L'Oreal Paris Telescopic Original Mascara- 0.27 fl oz",
            "image_url": "/images/adaptive/bvrating/v5/rating-4_0.png",
            "size": "0.27 fl oz",
            "rating": "4.0 out of 5 total 1793 reviews",
            "review_count": "(1793)",
            "price_info": "$12.99"
        },
        {
            "name": "L'Oreal Paris Infallible Flash Cat Eye Waterproof Brush Tip Liquid Eyeliner- 0.02 oz",
            "image_url": "/images/adaptive/bvrating/v5/rating-4_5.png",
            "size": "0.02 oz",
            "rating": "4.5 out of 5 total 1355 reviews",
            "review_count": "(1355)",
            "price_info": "$12.99"
        },
        {
            "name": "L'Oreal Paris Voluminous Original Waterproof Mascara- 0.23 fl oz",
            "image_url": "/images/adaptive/bvrating/v5/rating-3_0.png",
            "size": "0.23 fl oz",
            "rating": "3.0 out of 5 total 428 reviews",
            "review_count": "(428)",
            "price_info": "$10.99"
        },
        {
            "name": "L'Oreal Paris Telescopic Original Waterproof Lengthening Mascara- 0.24 fl oz",
            "image_url": "/images/adaptive/bvrating/v5/rating-4_0.png",
            "size": "0.24 fl oz",
            "rating": "4.0 out of 5 total 478 reviews",
            "review_count": "(478)",
            "price_info": "$12.99"
        },
        {
            "name": "L'Oreal Paris Magic Root Cover Up Gray Concealer Spray- 2 oz",
            "image_url": "/images/adaptive/bvrating/v5/rating-4_0.png",
            "size": "2 oz",
            "rating": "4.0 out of 5 total 4882 reviews",
            "review_count": "(4882)",
            "price_info": "$11.99"
        },
        {
            "name": "L'Oreal Paris Brow Stylist Definer Mechanical Pencil- 0.01 oz",
            "image_url": "/images/adaptive/bvrating/v5/rating-4_5.png",
            "size": "0.01 oz",
            "rating": "4.5 out of 5 total 1015 reviews",
            "review_count": "(1015)",
            "price_info": "$10.99"
        },
        {
            "name": "L'Oreal Paris Excellence Creme Permanent Triple Care Hair Color- 1 set",
            "image_url": "/images/adaptive/bvrating/v5/rating-3_5.png",
            "size": "1 set",
            "rating": "3.5 out of 5 total 1426 reviews",
            "review_count": "(1426)",
            "price_info": "$11.99$11.99  / ea"
        },
        {
            "name": "L'Oreal Paris Feria Advanced Lightening System Bleach- 1 set",
            "image_url": "/images/adaptive/bvrating/v5/rating-3_0.png",
            "size": "1 set",
            "rating": "3.0 out of 5 total 2834 reviews",
            "review_count": "(2834)",
            "price_info": "$12.99$12.99  / ea"
        },
        {
            "name": "L'Oreal Paris Everpure Sulfate Free Purple Conditioner for Toning Blonde and Bleached Hair- 6.8 fl oz",
            "image_url": "/images/adaptive/bvrating/v5/rating-4_0.png",
            "size": "6.8 fl oz",
            "rating": "4.0 out of 5 total 2169 reviews",
            "review_count": "(2169)",
            "price_info": "$9.99$1.47  / oz"
        },
        {
            "name": "L'Oreal Paris Revitalift Triple Power Anti-Aging Moisturizer Fragrance Free- 1.7 oz",
            "image_url": "/images/adaptive/bvrating/v5/rating-4_5.png",
            "size": "1.7 oz",
            "rating": "4.5 out of 5 total 4896 reviews",
            "review_count": "(4896)",
            "price_info": "Previous price was$29.99Current sale price is$24.99$14.70  / oz"
        },
        {
            "name": "L'Oreal Paris Elvive Total Repair 5 Damage-Erasing Balm, Almond and Protein- 8.5 oz",
            "image_url": "/images/adaptive/bvrating/v5/rating-4_0.png",
            "size": "8.5 oz",
            "rating": "4.0 out of 5 total 4179 reviews",
            "review_count": "(4179)",
            "price_info": "$8.99"
        },
        {
            "name": "L'Oreal Paris Everpure Sulfate Free Purple Shampoo for Toning Blonde and Bleached Hair- 6.8 fl oz",
            "image_url": "/images/adaptive/bvrating/v5/rating-4_0.png",
            "size": "6.8 fl oz",
            "rating": "4.0 out of 5 total 2459 reviews",
            "review_count": "(2459)",
            "price_info": "$9.99$1.47  / oz"
        },
        {
            "name": "L'Oreal Dermo-Expertise Eye Defense- 0.5 oz",
            "image_url": "/images/adaptive/bvrating/v5/rating-4_0.png",
            "size": "0.5 oz",
            "rating": "4.0 out of 5 total 274 reviews",
            "review_count": "(274)",
            "price_info": "$17.99$35.98  / oz"
        },
        {
            "name": "L'Oreal Paris Revitalift Bright Reveal Cleanser- 5 oz",
            "image_url": "/images/adaptive/bvrating/v5/rating-4_5.png",
            "size": "5 oz",
            "rating": "4.5 out of 5 total 2807 reviews",
            "review_count": "(2807)",
            "price_info": "$9.29$1.86  / oz"
        },
        {
            "name": "L'Oreal Paris Feria Permanent Hair Color- 1 set",
            "image_url": "/images/adaptive/bvrating/v5/rating-3_0.png",
            "size": "1 set",
            "rating": "3.0 out of 5 total 3614 reviews",
            "review_count": "(3614)",
            "price_info": "$12.99$12.99  / ea"
        },
        {
            "name": "L'Oreal Paris Infallible Never Fail Eyeliner- 0.08 oz",
            "image_url": "/images/adaptive/bvrating/v5/rating-4_0.png",
            "size": "0.08 oz",
            "rating": "4.0 out of 5 total 635 reviews",
            "review_count": "(635)",
            "price_info": "$10.99"
        },
        {
            "name": "L'Oreal Paris Everpure Moisture Sulfate Free Shampoo for Dry Hair- 8.5 fl oz",
            "image_url": "/images/adaptive/bvrating/v5/rating-4_0.png",
            "size": "8.5 fl oz",
            "rating": "4.0 out of 5 total 3033 reviews",
            "review_count": "(3033)",
            "price_info": "$9.99$1.18  / oz"
        },
        {
            "name": "L'Oreal Paris True Match Glotion, Natural Glow Enhancer, Illuminator Highlighter Bronzing Drops- 1.35 fl oz",
            "image_url": "/images/adaptive/bvrating/v5/rating-4_0.png",
            "size": "1.35 fl oz",
            "rating": "4.0 out of 5 total 853 reviews",
            "review_count": "(853)",
            "price_info": "$16.99"
        },
        {
            "name": "L'Oreal Paris Studio Line Head Lock Mega Gel",
            "image_url": "/images/adaptive/bvrating/v5/rating-4_5.png",
            "size": "6.8 fl oz",
            "rating": "4.5 out of 5 total 52 reviews",
            "review_count": "(52)",
            "price_info": "$6.99"
        },
        {
            "name": "L'Oreal Paris Superior Preference Permanent Hair Color- 1 ea",
            "image_url": "/images/adaptive/bvrating/v5/rating-4_0.png",
            "size": "1 ea",
            "rating": "4.0 out of 5 total 5418 reviews",
            "review_count": "(5418)",
            "price_info": "$12.99$12.99  / ea"
        },
        {
            "name": "L'Oreal Paris Magic Root Cover Up Temporary Gray Concealer Spray- 2 oz",
            "image_url": "/images/adaptive/bvrating/v5/rating-4_0.png",
            "size": "2 oz",
            "rating": "4.0 out of 5 total 3328 reviews",
            "review_count": "(3328)",
            "price_info": "$11.99$6.00  / oz"
        },
        {
            "name": "L'Oreal Paris Voluminous Original Curved Brush Mascara- 0.28 oz",
            "image_url": "/images/adaptive/bvrating/v5/rating-4_0.png",
            "size": "0.28 oz",
            "rating": "4.0 out of 5 total 257 reviews",
            "review_count": "(257)",
            "price_info": "$10.99"
        },
        {
            "name": "L'Oreal Paris Voluminous Lash Paradise Mascara Primer/Base- 0.27 fl oz",
            "image_url": "/images/adaptive/bvrating/v5/rating-4_0.png",
            "size": "0.27 fl oz",
            "rating": "4.0 out of 5 total 716 reviews",
            "review_count": "(716)",
            "price_info": "$12.99"
        },
        {
            "name": "L'Oreal Paris Infallible Pro-Last Waterproof Pencil Eyeliner- 0.42 oz",
            "image_url": "/images/adaptive/bvrating/v5/rating-3_0.png",
            "size": "0.42 oz",
            "rating": "3.0 out of 5 total 1272 reviews",
            "review_count": "(1272)",
            "price_info": "$11.49"
        },
        {
            "name": "L'Oreal Paris Revitalift Anti-Wrinkle + Firming Anti-Aging Night Cream- 1.7 oz",
            "image_url": "/images/adaptive/bvrating/v5/rating-4_0.png",
            "size": "1.7 oz",
            "rating": "4.0 out of 5 total 956 reviews",
            "review_count": "(956)",
            "price_info": "$19.99$11.76  / oz"
        },
        {
            "name": "L'Oreal Paris Infallible Super Slim Liquid Eyeliner- 0.03 fl oz",
            "image_url": "/images/adaptive/bvrating/v5/rating-3_0.png",
            "size": "0.03 fl oz",
            "rating": "3.0 out of 5 total 154 reviews",
            "review_count": "(154)",
            "price_info": "$12.99"
        },
        {
            "name": "L'Oreal Paris Infallible Up to 32 Hour Fresh Wear Foundation, Lightweight, Breathable Coverage- 1 fl oz",
            "image_url": "/images/adaptive/bvrating/v5/rating-4_0.png",
            "size": "1 fl oz",
            "rating": "4.0 out of 5 total 1541 reviews",
            "review_count": "(1541)",
            "price_info": "$18.99"
        },
        {
            "name": "L'Oreal Paris Voluminous Original Waterproof Mascara- 0.28 fl oz",
            "image_url": "/images/adaptive/bvrating/v5/rating-2_5.png",
            "size": "0.28 fl oz",
            "rating": "2.5 out of 5 total 271 reviews",
            "review_count": "(271)",
            "price_info": "$10.99"
        },
        {
            "name": "L'Oreal Paris Brow Stylist Shape & Fill Mechanical Eye Brow Makeup Pencil- 0.01 oz",
            "image_url": "/images/adaptive/bvrating/v5/rating-4_0.png",
            "size": "0.01 oz",
            "rating": "4.0 out of 5 total 344 reviews",
            "review_count": "(344)",
            "price_info": "$12.99"
        },
        {
            "name": "L'Oreal Paris True Match Super-Blendable Blush, Soft Powder Texture, Long Lasting, Oil Free- 0.21 oz",
            "image_url": "/images/adaptive/bvrating/v5/rating-3_0.png",
            "size": "0.21 oz",
            "rating": "3.0 out of 5 total 144 reviews",
            "review_count": "(144)",
            "price_info": "$15.99"
        },
        {
            "name": "L'Oreal Paris Elvive Dream Lengths Heat Slayer Pre-Iron Spray Leave-In- 4.4 fl oz",
            "image_url": "/images/adaptive/bvrating/v5/rating-4_5.png",
            "size": "4.4 fl oz",
            "rating": "4.5 out of 5 total 114 reviews",
            "review_count": "(114)",
            "price_info": "$8.99$2.04  / oz"
        },
        {
            "name": "L'Oreal Paris Everpure Moisture Sulfate Free Conditioner For Dry Hair- 8.5 fl oz",
            "image_url": "/images/adaptive/bvrating/v5/rating-4_0.png",
            "size": "8.5 fl oz",
            "rating": "4.0 out of 5 total 1643 reviews",
            "review_count": "(1643)",
            "price_info": "$9.99$1.18  / oz"
        },
        {
            "name": "L'Oreal Paris Age Perfect Collagen Expert Night Moisturizer for Face- 2.5 oz",
            "image_url": "/images/adaptive/bvrating/v5/rating-4_0.png",
            "size": "2.5 oz",
            "rating": "4.0 out of 5 total 1007 reviews",
            "review_count": "(1007)",
            "price_info": "$19.99$8.00  / oz"
        },
        {
            "name": "L'Oreal Paris True Match Hyaluronic Tinted Serum Makeup Skincare Hybrid- 1 fl oz",
            "image_url": "/images/adaptive/bvrating/v5/rating-4_0.png",
            "size": "1 fl oz",
            "rating": "4.0 out of 5 total 810 reviews",
            "review_count": "(810)",
            "price_info": "$21.99"
        },
        {
            "name": "L'Oreal Paris Feria Power Toner, Long Lasting Anti Brass Toner- 1 set",
            "image_url": "/images/adaptive/bvrating/v5/rating-4_0.png",
            "size": "1 set",
            "rating": "4.0 out of 5 total 757 reviews",
            "review_count": "(757)",
            "price_info": "$12.99$12.99  / ea"
        },
        {
            "name": "L'Oreal Paris Infallible Up to 24 Hour Fresh Wear Foundation in a Powder- 0.31 oz",
            "image_url": "/images/adaptive/bvrating/v5/rating-4_0.png",
            "size": "0.31 oz",
            "rating": "4.0 out of 5 total 617 reviews",
            "review_count": "(617)",
            "price_info": "$17.99"
        },
        {
            "name": "L'Oreal Paris Feria High Intensity Multi-Faceted Shimmering Permanent Hair Color, 3X Highlights- 1 set",
            "image_url": "/images/adaptive/bvrating/v5/rating-3_5.png",
            "size": "1 set",
            "rating": "3.5 out of 5 total 915 reviews",
            "review_count": "(915)",
            "price_info": "$12.99"
        },
        {
            "name": "L'Oreal Paris Root Rescue 10 Minute Root Hair Coloring Kit, 100% Gray Coverage- 1 ea",
            "image_url": "/images/adaptive/bvrating/v5/rating-3_5.png",
            "size": "1 ea",
            "rating": "3.5 out of 5 total 864 reviews",
            "review_count": "(864)",
            "price_info": "$7.99$7.99  / ea"
        },
        {
            "name": "L'Oreal Paris Feria Multi-Faceted Shimmering Permanent Hair Color- 1 set",
            "image_url": "/images/adaptive/bvrating/v5/rating-3_5.png",
            "size": "1 set",
            "rating": "3.5 out of 5 total 831 reviews",
            "review_count": "(831)",
            "price_info": "$12.99"
        },
        {
            "name": "L'Oreal Paris Age Perfect Permanent Hair Color- 1 ea",
            "image_url": "/images/adaptive/bvrating/v5/rating-3_5.png",
            "size": "1 ea",
            "rating": "3.5 out of 5 total 724 reviews",
            "review_count": "(724)",
            "price_info": "$11.99$11.99  / ea"
        },
        {
            "name": "K-Y Warming Jelly Lube Sensorial Personal Lubricant, Glycol Based Formula- 5 fl oz",
            "image_url": "//pics.walgreens.com/prodimg/90170/450.jpg",
            "size": "5 fl oz",
            "rating": "",
            "review_count": "(232)",
            "price_info": "$17.99$3.60  / oz"
        },
        {
            "name": "Walgreens Vitamin K2 As MK-7 100 mcg Tablets- 60 ea",
            "image_url": "//pics.walgreens.com/prodimg/649678/450.jpg",
            "size": "60 ea",
            "rating": "",
            "review_count": "(113)",
            "price_info": "$16.99$0.28  / ea"
        },
        {
            "name": "K-Y Duration Numbing Climax Delay Spray for Men, Lidocaine Desensitizing Spray 36 Sprays- 0.16 fl oz",
            "image_url": "//pics.walgreens.com/prodimg/583489/450.jpg",
            "size": "0.16 fl oz",
            "rating": "",
            "review_count": "(170)",
            "price_info": "$36.99"
        },
        {
            "name": "Special K Protein Bar Strawberry- 1.59 oz",
            "image_url": "//pics.walgreens.com/prodimg/628743/450.jpg",
            "size": "1.59 oz",
            "rating": "",
            "review_count": "(821)",
            "price_info": "3/$5.00 or 1/$2.79"
        },
        {
            "name": "Nature Made Vitamin K2 100 mcg Softgels- 30 ea",
            "image_url": "//pics.walgreens.com/prodimg/484547/450.jpg",
            "size": "30 ea",
            "rating": "",
            "review_count": "(226)",
            "price_info": "$19.99$0.67  / ea"
        },
        {
            "name": "Modern Expressions Monogram Keychain K- 1 EA",
            "image_url": "//pics.walgreens.com/prodimg/676191/450.jpg",
            "size": "1 EA",
            "rating": "",
            "review_count": "(1)",
            "price_info": "$5.99"
        },
        {
            "name": "K-Y UltraGel Premium Water-Based Personal Lubricant- 1.5 fl oz",
            "image_url": "//pics.walgreens.com/prodimg/560870/450.jpg",
            "size": "1.5 fl oz",
            "rating": "",
            "review_count": "(178)",
            "price_info": "$11.99$7.99  / oz"
        },
        {
            "name": "Botanic Choice Vitamin K 100mcg- 90 ea",
            "image_url": "//pics.walgreens.com/prodimg/425204/450.jpg",
            "size": "90 ea",
            "rating": "",
            "review_count": "(17)",
            "price_info": "$4.99$0.06  / ea"
        },
        {
            "name": "K-Y Ultragel Lube, Personal Water Based Lubricant For Sex, Vaginal Moisturizer- 4.5 fl oz",
            "image_url": "/images/adaptive/bvrating/v5/rating-4_5.png",
            "size": "4.5 fl oz",
            "rating": "4.5 out of 5 total 135 reviews",
            "review_count": "(135)",
            "price_info": "$19.99$4.44  / oz"
        },
        {
            "name": "Special K Cold Breakfast Cereal- 16.9 oz",
            "image_url": "/images/adaptive/bvrating/v5/rating-4_5.png",
            "size": "16.9 oz",
            "rating": "4.5 out of 5 total 46 reviews",
            "review_count": "(46)",
            "price_info": "Previous price was$7.29Current sale price is$3.99"
        },
        {
            "name": "Life Extension Low Dose Vitamin K2- 90 ea",
            "image_url": "/images/adaptive/bvrating/v5/rating-5_0.png",
            "size": "90 ea",
            "rating": "5.0 out of 5 total 4 reviews",
            "review_count": "(4)",
            "price_info": "$14.99$0.17  / ea"
        },
        {
            "name": "K-Y Jelly Personal Lubricant, Water Based Lube- 4 fl oz",
            "image_url": "/images/adaptive/bvrating/v5/rating-4_0.png",
            "size": "4 fl oz",
            "rating": "4.0 out of 5 total 429 reviews",
            "review_count": "(429)",
            "price_info": "$8.79$2.20  / oz"
        },
        {
            "name": "Walgreens Free & Pure Vitamin K2 + D3 Supplement Capsules for Bone Health (90 days)- 90 ea",
            "image_url": "/images/adaptive/share/images/wag_header_logo.png",
            "size": "90 ea",
            "rating": "",
            "review_count": "(34)",
            "price_info": "$9.99$0.11  / ea"
        },
        {
            "name": "K-Y Liquid Personal Water Based Lubricant- 2.4 fl oz",
            "image_url": "/images/adaptive/bvrating/v5/rating-4_0.png",
            "size": "2.4 fl oz",
            "rating": "4.0 out of 5 total 223 reviews",
            "review_count": "(223)",
            "price_info": "$13.99$5.83  / oz"
        },
        {
            "name": "Botanic Choice Vitamin K-2 80 mcg Capsules- 30 ea",
            "image_url": "/images/adaptive/bvrating/v5/rating-5_0.png",
            "size": "30 ea",
            "rating": "5.0 out of 5 total 5 reviews",
            "review_count": "(5)",
            "price_info": "$18.49$0.62  / ea"
        },
        {
            "name": "K-Y Water Based Personal Lubricant, Lube For Sexual Wellness, Vaginal Moisturizer- 4.5 fl oz",
            "image_url": "/images/adaptive/bvrating/v5/rating-4_0.png",
            "size": "4.5 fl oz",
            "rating": "4.0 out of 5 total 173 reviews",
            "review_count": "(173)",
            "price_info": "$17.99$4.00  / oz"
        },
        {
            "name": "Starbucks Medium Roast Ground Coffee K-Cup Pods- 0.44 ozx 32 pack",
            "image_url": "/images/adaptive/bvrating/v5/rating-4_0.png",
            "size": "0.44 oz   x 32 pack",
            "rating": "4.0 out of 5 total 1071 reviews",
            "review_count": "(1071)",
            "price_info": "Previous price was$28.99Current sale price is$24.99$0.78  / ea"
        },
        {
            "name": "Modern Expressions Monogram Mug K- 1 ea",
            "image_url": "/images/adaptive/share/images/wag_header_logo.png",
            "size": "1 ea",
            "rating": "",
            "review_count": "Review count not available",
            "price_info": "$7.99"
        },
        {
            "name": "Special K Bars Special K Protein Meal Bar Chocolate Peanut Butter (Packaging May Vary)- 1.59 oz",
            "image_url": "/images/adaptive/bvrating/v5/rating-4_0.png",
            "size": "1.59 oz",
            "rating": "4.0 out of 5 total 4 reviews",
            "review_count": "(4)",
            "price_info": "3/$5.00 or 1/$2.79"
        },
        {
            "name": "Nature Made Vitamin D3 2000 IU (50 mcg) Tablets- 400 ea",
            "image_url": "/images/adaptive/bvrating/v5/rating-4_5.png",
            "size": "400 ea",
            "rating": "4.5 out of 5 total 496 reviews",
            "review_count": "(496)",
            "price_info": "$29.99$0.07  / ea"
        },
        {
            "name": "Dunkin' Donuts Decaf Coffee K-Cup Pods Decaf Original- 10 EA",
            "image_url": "/images/adaptive/bvrating/v5/rating-4_0.png",
            "size": "10 EA",
            "rating": "4.0 out of 5 total 478 reviews",
            "review_count": "(478)",
            "price_info": "Previous price was$12.99Current sale price is$7.99$2.16  / oz"
        },
        {
            "name": "Emergen-C Daily Immune Support Drink with 1000 mg Vitamin C Super Orange- 30 ea",
            "image_url": "/images/adaptive/bvrating/v5/rating-4_5.png",
            "size": "30 ea",
            "rating": "4.5 out of 5 total 1715 reviews",
            "review_count": "(1715)",
            "price_info": "$18.99$0.63  / ea"
        },
        {
            "name": "Trace Minerals Research Ionic D3 + K2 Drops 2 OZ- 2 fl oz",
            "image_url": "/images/adaptive/bvrating/v5/rating-5_0.png",
            "size": "2 fl oz",
            "rating": "5.0 out of 5 total 1 reviews",
            "review_count": "(1)",
            "price_info": "$34.99$34.99  / ea"
        },
        {
            "name": "Nature Made Vitamin D3 + K2 Softgels- 30 ea",
            "image_url": "/images/adaptive/bvrating/v5/rating-4_5.png",
            "size": "30 ea",
            "rating": "4.5 out of 5 total 170 reviews",
            "review_count": "(170)",
            "price_info": "$18.99$0.63  / ea"
        },
        {
            "name": "Nature Made Vitamin B12 Sublingual 1000 mcg Sugar Free Fast Dissolve Tablets- 50 ea",
            "image_url": "/images/adaptive/bvrating/v5/rating-4_5.png",
            "size": "50 ea",
            "rating": "4.5 out of 5 total 683 reviews",
            "review_count": "(683)",
            "price_info": "$11.99$0.24  / ea"
        },
        {
            "name": "Eight O'clock Coffee The Original K-Cup Pods Original- 12 ea",
            "image_url": "/images/adaptive/bvrating/v5/rating-4_5.png",
            "size": "12 ea",
            "rating": "4.5 out of 5 total 667 reviews",
            "review_count": "(667)",
            "price_info": "$8.99$2.20  / oz"
        },
        {
            "name": "Nature Made Vitamin D3 1000 IU (25 mcg) Softgels- 180 ea",
            "image_url": "/images/adaptive/bvrating/v5/rating-4_5.png",
            "size": "180 ea",
            "rating": "4.5 out of 5 total 993 reviews",
            "review_count": "(993)",
            "price_info": "$18.99$0.11  / ea"
        },
        {
            "name": "Dunkin' Donuts K-Cups Coffee Hazelnut- 0.37 ozx 10 pack",
            "image_url": "/images/adaptive/bvrating/v5/rating-4_5.png",
            "size": "0.37 oz   x 10 pack",
            "rating": "4.5 out of 5 total 630 reviews",
            "review_count": "(630)",
            "price_info": "Previous price was$12.99Current sale price is$7.99$0.22  / oz"
        },
        {
            "name": "Nature Made Vitamin D3 2000 IU (50 mcg) Softgels- 90 ea",
            "image_url": "/images/adaptive/bvrating/v5/rating-4_5.png",
            "size": "90 ea",
            "rating": "4.5 out of 5 total 494 reviews",
            "review_count": "(494)",
            "price_info": "$12.99$0.14  / ea"
        },
        {
            "name": "Nature Made Super C with Vitamin D3 and Zinc Tablets- 60 ea",
            "image_url": "/images/adaptive/bvrating/v5/rating-4_5.png",
            "size": "60 ea",
            "rating": "4.5 out of 5 total 298 reviews",
            "review_count": "(298)",
            "price_info": "$19.99$0.33  / ea"
        },
        {
            "name": "McCafe Premium Roast Coffee, Single Serve Keurig K-Cup Pods- 32 ea",
            "image_url": "/images/adaptive/bvrating/v5/rating-4_5.png",
            "size": "32 ea",
            "rating": "4.5 out of 5 total 598 reviews",
            "review_count": "(598)",
            "price_info": "$25.99$2.32  / oz"
        },
        {
            "name": "Starbucks Caramel K-Cup Caramel- 10 EA",
            "image_url": "/images/adaptive/bvrating/v5/rating-4_5.png",
            "size": "10 EA",
            "rating": "4.5 out of 5 total 250 reviews",
            "review_count": "(250)",
            "price_info": "$12.49$1.25  / ea"
        },
        {
            "name": "Nature Made Super B Complex with Vitamin C and Folic Acid Tablets- 140 ea",
            "image_url": "/images/adaptive/bvrating/v5/rating-4_5.png",
            "size": "140 ea",
            "rating": "4.5 out of 5 total 496 reviews",
            "review_count": "(496)",
            "price_info": "$16.99$0.12  / ea"
        },
        {
            "name": "Nature Made Extra Strength Vitamin C 1000 mg Tablets- 100 ea",
            "image_url": "/images/adaptive/bvrating/v5/rating-4_5.png",
            "size": "100 ea",
            "rating": "4.5 out of 5 total 551 reviews",
            "review_count": "(551)",
            "price_info": "$19.99$0.20  / ea"
        },
        {
            "name": "Modern Expressions Monogram Tumbler K- 1 EA",
            "image_url": "/images/adaptive/share/images/wag_header_logo.png",
            "size": "1 EA",
            "rating": "",
            "review_count": "Review count not available",
            "price_info": "$7.99"
        },
        {
            "name": "Dunkin' Donuts Coffee K-Cup Pods French Vanilla- 10 EA",
            "image_url": "/images/adaptive/bvrating/v5/rating-4_5.png",
            "size": "10 EA",
            "rating": "4.5 out of 5 total 970 reviews",
            "review_count": "(970)",
            "price_info": "Previous price was$12.99Current sale price is$7.99$2.16  / oz"
        },
        {
            "name": "Nature Made Vitamin C 500 mg Softgels- 60 ea",
            "image_url": "/images/adaptive/bvrating/v5/rating-4_0.png",
            "size": "60 ea",
            "rating": "4.0 out of 5 total 307 reviews",
            "review_count": "(307)",
            "price_info": "$15.99$0.27  / ea"
        },
        {
            "name": "Nature Made Stress B Complex with Vitamin C and Zinc Tablets- 75 ea",
            "image_url": "/images/adaptive/bvrating/v5/rating-4_5.png",
            "size": "75 ea",
            "rating": "4.5 out of 5 total 242 reviews",
            "review_count": "(242)",
            "price_info": "$18.99$0.25  / ea"
        },
        {
            "name": "Vitafusion Vitamin D3 Gummy Vitamins- 150 ea",
            "image_url": "/images/adaptive/bvrating/v5/rating-4_5.png",
            "size": "150 ea",
            "rating": "4.5 out of 5 total 598 reviews",
            "review_count": "(598)",
            "price_info": "$15.99$0.11  / ea"
        },
        {
            "name": "Nature's Bounty Vitamin B-12 1000mcg Tablets, Value Size- 200 ea",
            "image_url": "/images/adaptive/bvrating/v5/rating-4_5.png",
            "size": "200 ea",
            "rating": "4.5 out of 5 total 347 reviews",
            "review_count": "(347)",
            "price_info": "$24.99$0.12  / ea"
        },
        {
            "name": "Emergen-C Daily Immune Support Drink with 1000 mg Vitamin C, Antioxidants, & B Vitamins Raspberry- 0.32 ozx 30 pack",
            "image_url": "/images/adaptive/bvrating/v5/rating-4_0.png",
            "size": "0.32 oz   x 30 pack",
            "rating": "4.0 out of 5 total 3147 reviews",
            "review_count": "(3147)",
            "price_info": "$18.99$0.63  / ea"
        },
        {
            "name": "Walgreens Free & Pure Potassium 99 mg Caplets (120 days) (Packaging May Vary)- 120 ea",
            "image_url": "/images/adaptive/share/images/wag_header_logo.png",
            "size": "120 ea",
            "rating": "",
            "review_count": "(66)",
            "price_info": "$12.99$0.11  / ea"
        },
        {
            "name": "Nature Made Vitamin B12 1000 mcg Softgels- 90 ea",
            "image_url": "/images/adaptive/bvrating/v5/rating-4_5.png",
            "size": "90 ea",
            "rating": "4.5 out of 5 total 388 reviews",
            "review_count": "(388)",
            "price_info": "$19.99$0.22  / ea"
        },
        {
            "name": "Nature Made Extra Strength Vitamin D3 5000 IU (125 mcg) Softgels- 90 ea",
            "image_url": "/images/adaptive/bvrating/v5/rating-4_5.png",
            "size": "90 ea",
            "rating": "4.5 out of 5 total 394 reviews",
            "review_count": "(394)",
            "price_info": "$25.99$0.29  / ea"
        },
        {
            "name": "Starbucks K-Cup Sumatra Sumatra Dark- 10 ea",
            "image_url": "/images/adaptive/bvrating/v5/rating-4_5.png",
            "size": "10 ea",
            "rating": "4.5 out of 5 total 1355 reviews",
            "review_count": "(1355)",
            "price_info": "$12.49$2.97  / oz"
        },
        {
            "name": "Nature Made Energy B12 1000 mcg Gummies Cherry & Mixed Berries- 80 ea",
            "image_url": "/images/adaptive/bvrating/v5/rating-4_5.png",
            "size": "80 ea",
            "rating": "4.5 out of 5 total 366 reviews",
            "review_count": "(366)",
            "price_info": "$12.99$0.16  / ea"
        },
        {
            "name": "Nature Made Vitamin C 500 Mg Tablets- 100 ea",
            "image_url": "/images/adaptive/bvrating/v5/rating-4_5.png",
            "size": "100 ea",
            "rating": "4.5 out of 5 total 238 reviews",
            "review_count": "(238)",
            "price_info": "$11.99$0.12  / ea"
        },
        {
            "name": "Nature Made Vitamin D3 2000 IU (50 mcg) Tablets- 100 ea",
            "image_url": "/images/adaptive/bvrating/v5/rating-4_5.png",
            "size": "100 ea",
            "rating": "4.5 out of 5 total 328 reviews",
            "review_count": "(328)",
            "price_info": "$14.99$0.15  / ea"
        },
        {
            "name": "Nature Made Extra Strength Vitamin D3 5000 IU (125 mcg) per serving Gummies Strawberry, Peach, Mango- 80 ea",
            "image_url": "/images/adaptive/bvrating/v5/rating-4_5.png",
            "size": "80 ea",
            "rating": "4.5 out of 5 total 250 reviews",
            "review_count": "(250)",
            "price_info": "$21.99$0.27  / ea"
        },
        {
            "name": "Vitafusion B12 Gummy Vitamin- 140 ea",
            "image_url": "/images/adaptive/bvrating/v5/rating-4_5.png",
            "size": "140 ea",
            "rating": "4.5 out of 5 total 165 reviews",
            "review_count": "(165)",
            "price_info": "$13.99$0.01  / ea"
        },
        {
            "name": "Walgreens Vitamin D3 125 mcg Softgels (100 days)- 100 EA",
            "image_url": "/images/adaptive/share/images/wag_header_logo.png",
            "size": "100 EA",
            "rating": "",
            "review_count": "(163)",
            "price_info": "$11.99$0.12  / ea"
        },
        {
            "name": "Geritol Liquid Vitamin and Iron Supplement, Energy Support- 12 fl oz",
            "image_url": "/images/adaptive/bvrating/v5/rating-4_5.png",
            "size": "12 fl oz",
            "rating": "4.5 out of 5 total 554 reviews",
            "review_count": "(554)",
            "price_info": "$12.99$1.08  / oz"
        },
        {
            "name": "Walgreens Potassium 99 mg Caplets (250 days) (Packaging May Vary)- 250 ea",
            "image_url": "/images/adaptive/share/images/wag_header_logo.png",
            "size": "250 ea",
            "rating": "",
            "review_count": "(60)",
            "price_info": "$15.99$0.06  / ea"
        },
        {
            "name": "Nature Made Extra Strength Vitamin D3 5000 IU (125 mcg) Softgels- 180 ea",
            "image_url": "/images/adaptive/bvrating/v5/rating-4_5.png",
            "size": "180 ea",
            "rating": "4.5 out of 5 total 424 reviews",
            "review_count": "(424)",
            "price_info": "$31.99$0.18  / ea"
        },
        {
            "name": "Nature Made Vitamin C Gummies 250 mg Tangerine- 80 ea",
            "image_url": "/images/adaptive/bvrating/v5/rating-4_5.png",
            "size": "80 ea",
            "rating": "4.5 out of 5 total 208 reviews",
            "review_count": "(208)",
            "price_info": "$14.99$0.19  / ea"
        },
        {
            "name": "Nature Made Vitamin B12 1000 mcg Time Release Tablets- 160 ea",
            "image_url": "/images/adaptive/bvrating/v5/rating-4_5.png",
            "size": "160 ea",
            "rating": "4.5 out of 5 total 370 reviews",
            "review_count": "(370)",
            "price_info": "$24.99$0.16  / ea"
        },
        {
            "name": "Nature Made Chewable Vitamin C 500 mg Tablets Orange- 150 ea",
            "image_url": "/images/adaptive/bvrating/v5/rating-4_0.png",
            "size": "150 ea",
            "rating": "4.0 out of 5 total 342 reviews",
            "review_count": "(342)",
            "price_info": "$28.99$0.19  / ea"
        },
        {
            "name": "Emergen-C Immune Support Chewable Tablet with 1000 mg Vitamin C & B Vitamins Orange Blast- 40 ea",
            "image_url": "/images/adaptive/bvrating/v5/rating-4_5.png",
            "size": "40 ea",
            "rating": "4.5 out of 5 total 103 reviews",
            "review_count": "(103)",
            "price_info": "$18.99$0.47  / ea"
        },
        {
            "name": "Nature Made Vitamin B1 100 mg Tablets- 100 ea",
            "image_url": "/images/adaptive/bvrating/v5/rating-4_5.png",
            "size": "100 ea",
            "rating": "4.5 out of 5 total 255 reviews",
            "review_count": "(255)",
            "price_info": "$12.99$0.13  / ea"
        },
        {
            "name": "Nature Made Vitamin D3 2000 IU (50 mcg) Softgels- 250 ea",
            "image_url": "/images/adaptive/bvrating/v5/rating-4_5.png",
            "size": "250 ea",
            "rating": "4.5 out of 5 total 529 reviews",
            "review_count": "(529)",
            "price_info": "$27.99$0.11  / ea"
        },
        {
            "name": "Walgreens Omega-3 Plus D3 + K2 Softgels- 60 ea",
            "image_url": "/images/adaptive/share/images/wag_header_logo.png",
            "size": "60 ea",
            "rating": "",
            "review_count": "(2)",
            "price_info": "$29.99"
        },
        {
            "name": "Nature Made Super B Energy Complex Softgels- 60 ea",
            "image_url": "/images/adaptive/bvrating/v5/rating-4_5.png",
            "size": "60 ea",
            "rating": "4.5 out of 5 total 227 reviews",
            "review_count": "(227)",
            "price_info": "$16.99$0.28  / ea"
        },
        {
            "name": "Nature's Bounty Vitamin B-12 Methylcobalamin Tablets, 1000 mcg- 60 ea",
            "image_url": "/images/adaptive/bvrating/v5/rating-4_5.png",
            "size": "60 ea",
            "rating": "4.5 out of 5 total 190 reviews",
            "review_count": "(190)",
            "price_info": "$13.99$0.23  / ea"
        },
        {
            "name": "Calvin Klein CK One CK One Eau De Toilette Spray- 3.4 fl oz",
            "image_url": "/images/adaptive/bvrating/v5/rating-4_5.png",
            "size": "3.4 fl oz",
            "rating": "4.5 out of 5 total 148 reviews",
            "review_count": "(148)",
            "price_info": "$41.99$12.35  / oz"
        },
        {
            "name": "Nature Made Vitamin D3 2000 IU (50 mcg) Per Serving Gummies Strawberry, Peach & Mango- 90 ea",
            "image_url": "/images/adaptive/bvrating/v5/rating-4_5.png",
            "size": "90 ea",
            "rating": "4.5 out of 5 total 346 reviews",
            "review_count": "(346)",
            "price_info": "$15.99$0.18  / ea"
        },
        {
            "name": "Nature Made Vitamin E 267 mg (400 IU) d-Alpha Softgels (Actual Item May Vary)- 100 ea",
            "image_url": "/images/adaptive/bvrating/v5/rating-4_5.png",
            "size": "100 ea",
            "rating": "4.5 out of 5 total 196 reviews",
            "review_count": "(196)",
            "price_info": "$19.99$0.20  / ea"
        },
        {
            "name": "Nature's Bounty Super Strength D3",
            "image_url": "/images/adaptive/bvrating/v5/rating-4_5.png",
            "size": "350 ea",
            "rating": "4.5 out of 5 total 524 reviews",
            "review_count": "(524)",
            "price_info": "$29.99$0.09  / ea"
        },
        {
            "name": "Nature's Bounty Vitamin D3 Softgels 125 mcg, 5000 IU- 240 ea",
            "image_url": "/images/adaptive/bvrating/v5/rating-4_5.png",
            "size": "240 ea",
            "rating": "4.5 out of 5 total 554 reviews",
            "review_count": "(554)",
            "price_info": "$29.99$0.12  / ea"
        },
        {
            "name": "Vitafusion Power C Gummy Vitamins Orange- 150 ea",
            "image_url": "/images/adaptive/bvrating/v5/rating-4_5.png",
            "size": "150 ea",
            "rating": "4.5 out of 5 total 432 reviews",
            "review_count": "(432)",
            "price_info": "$15.99$0.11  / ea"
        },
        {
            "name": "Nature Made Vitamin D3 1000 IU (25 mcg) Tablets- 100 ea",
            "image_url": "/images/adaptive/bvrating/v5/rating-4_5.png",
            "size": "100 ea",
            "rating": "4.5 out of 5 total 185 reviews",
            "review_count": "(185)",
            "price_info": "$12.99$0.13  / ea"
        },
        {
            "name": "Emergen-C Daily Immune Support Drink with 1000 mg Vitamin C, Antioxidants & B Vitamins- 0.32 ozx 10 pack",
            "image_url": "/images/adaptive/bvrating/v5/rating-4_5.png",
            "size": "0.32 oz   x 10 pack",
            "rating": "4.5 out of 5 total 1300 reviews",
            "review_count": "(1300)",
            "price_info": "$8.99$0.90  / ea"
        },
        {
            "name": "Nature's Bounty Vitamin K2 + D3, Vitamin Supplements, for Bone and Health Support- 30 ea",
            "image_url": "/images/adaptive/bvrating/v5/rating-3_5.png",
            "size": "30 ea",
            "rating": "3.5 out of 5 total 7 reviews",
            "review_count": "(7)",
            "price_info": "$14.99$0.50  / ea"
        }
    ]
]